
@inproceedings{mordia-ptl,
 author = {Nathan Farrington and Alex Forencich and George Porter and Pang-Chen Sun and Joseph Ford and Yeshaiahu Fainman and George Papen and Amin Vahdat},
 title = {A Multiport Microsecond Optical Circuit Switch for Data Center Networking},
 booktitle = {IEEE Photonics Technology Letters},
 year = {2013}
 }

@article{pi2012arm,
  title={An ARM GNU/Linux box for \$ 25},
  author={Pi, Raspberry},
  journal={Take a byte},
  year={2012}
}

@misc{ranovus,
author = {Lightwave},
title = {Ranovus unveils optical engine, 200-Gbps PAM4 optical transceiver},
howpublished = {\url{"https://goo.gl/QbRUd4"}},
month = {},
year = {2016},
}

@book{can,
  title={A scalable content-addressable network},
  author={Ratnasamy, Sylvia and Francis, Paul and Handley, Mark and Karp, Richard and Shenker, Scott},
  volume={31},
  number={4},
  year={2001},
  publisher={ACM}
}

 @inproceedings{viceroy,
  title={Viceroy: A scalable and dynamic emulation of the butterfly},
  author={Malkhi, Dahlia and Naor, Moni and Ratajczak, David},
  booktitle={Proceedings of the twenty-first annual symposium on Principles of distributed computing},
  pages={183--192},
  year={2002},
  organization={ACM}
}

@inproceedings{pastry,
  title={Pastry: Scalable, decentralized object location, and routing for large-scale peer-to-peer systems},
  author={Rowstron, Antony and Druschel, Peter},
  booktitle={IFIP/ACM International Conference on Distributed Systems Platforms and Open Distributed Processing},
  pages={329--350},
  year={2001},
  organization={Springer}
}

@inproceedings{projector,
  title={{ProjecToR}: Agile Reconfigurable Data Center Interconnect},
  author={Ghobadi, Monia and Mahajan, Ratul and Phanishayee, Amar and Devanur, Nikhil and Kulkarni, Janardhan and Ranade, Gireeja and Blanche, Pierre-Alexandre and Rastegarfar, Houman and Glick, Madeleine and Kilper, Daniel},
  booktitle={SIGCOMM},
  year={2016},
}

@article{chord,
  title={Chord: A scalable peer-to-peer lookup service for internet applications},
  author={Stoica, Ion and Morris, Robert and Karger, David and Kaashoek, M Frans and Balakrishnan, Hari},
  journal={ACM SIGCOMM Computer Communication Review},
  volume={31},
  number={4},
  pages={149--160},
  year={2001},
  publisher={ACM}
}

@inproceedings{symphony,
  title={Symphony: Distributed Hashing in a Small World},
  author={Manku, Gurmeet Singh and Bawa, Mayank and Raghavan, Prabhakar and others},
  booktitle={USENIX USITS},
  year={2003}
}

@inproceedings{zhu14,
   title = {Scalable and Topology Adaptive Intra-data Center Networking Enabled by Wavelength Selective Switching},
   author = {Z. Zhu},
   booktitle = {OSA/OFC/NFOFC},
   year = {2014}
}

@inproceedings{oida12,
   author = {C. Doerr},
   title = {Integrated Optical Devices for High-capacity Links},
   booktitle = {OIDA workshop},
   year = {2012}
}


@article{stp,
 author = {R. Perlman},
 title = {An Algorithm for Distributed Computation of a Spanning Tree in an Extended LAN},
 booktitle = {ACM Computer Communication Review},
 year = {1985}
 }

@inproceedings{wavecube,
   author = {Kai Chen and Xitao Wen and Xingyu Ma and Yan Chen and Yong Xia and Chengchen Hu and Qunfeng Dong},
   title = {WaveCube: A Scalable, Fault-tolerant, High-performance Optical Data Center Architecture},
   booktitle = {IEEE INFOCOM},
   year = {2015}
}

@inproceedings{osa12,
   author = {Kai Chen and Ankit Singla and Atul Singh and Kishore Ramachandran and Lei Xu and Yueping Zhang and Xitao Wen and Yan Chen},
   title = {OSA: An Optical Switching Architecture for Data Center Networks with Unprecedented Flexibility},
   booktitle = {USENIX NSDI},
   year = {2012}
}

@MISC{ofentries,
    title = {Broadcom Trident II series},
    howpublished = {\url{" http://www.broadcom.com/docs/features/StrataXGS_Trident_II_presentation.pdf"}},
	 year = {2012}
}

@MISC{cisco40G,
    title = {The Market Need for 40 Gigabit Ethernet},
    howpublished = {\url{"http://www.cisco.com/en/US/prod/collateral/switches/ps5718/ps708/white_paper_c11-696667.html"}},
}


@MISC{qfabric,
    author = {Juniper},
    title = {qFabric},
    howpublished = {\url{"http://www.juniper.net/us/en/products-services/switching/qfx-series/"}},	
}


@MISC{webobese,
    author = {M. Ceglowski},
    title = {The Website Obesity Crisis},
    howpublished = {\url{"http://idlewords.com/talks/website_obesity.htm"}},
	year = {2015}
}

@MISC{msdc,
    title = {Massively Scalable Data Center (MSDC) Design and Implementation Guide},
    author = {Cisco},
    howpublished = {\url{"http://www.cisco.com/c/en/us/td/docs/solutions/Enterprise/Data_Center/MSDC/1-0/MSDC_Phase1.pdf"}},
}


@inproceedings{b4,
   author = {Sushant Jain and Alok Kumar and Subhasree Mandal and Joon Ong and Leon Poutievski and Arjun Singh and Subbaiah Venkata and Jim Wanderer and Junlan Zhou and Min Zhu and Jonathan Zolla and Urs Hölzle and Stephen Stuart and Amin Vahdat},
   title = {B4: Experience with a Globally Deployed Software Defined WAN},
   booktitle = {ACM SIGCOMM},
   year = {2013}
}

@inproceedings{pfabric,
   author = {Mohammad Alizadeh and Shuang Yang and Milad Sharif and Sachin Katti and Nick McKeown and Balaji Prabhakar and Scott Shenker},
   title = {pFabric: Minimal Near-Optimal Datacenter Transport},
   booktitle = {ACM SIGCOMM},
   year = {2013}
}

@inproceedings{eyeq,
   author = {Vimalkumar Jeyakumar and Mohammad Alizadeh and David Mazieres and Balaji Prabhakar and Changhoon Kim and Albert Greenberg},
   title = {EyeQ: Practical Network Performance Isolation at the Edge},
   booktitle = {NSDI},
   year = {2013}
}

@inproceedings{vmpp,
   author = {Xiaoqiao Meng and Vasileios Pappas and Li Zhang},
   title = {Improving the Scalability of Data Center Networks with Traffic-aware Virtual Machine Placement},
   booktitle = {INFOCOM},
   year = {2010}
}

@inproceedings{rmt2013,
   author = {Pat Bossharty and Glen Gibbz and Hun-Seok Kimy and George Varghesex and Nick McKeownz and Martin Izzardy and Fernando Mujicay and Mark Horowitzz},
   title = {Forwarding Metamorphosis: Fast Programmable Match-Action Processing in Hardware for SDN},
   booktitle = {ACM SIGCOMM},
   year = {2013}
}

@inproceedings{IPtable2013,
   author = {G¨¢bor R¨¦tv¨¢ri and J¨¢nos Tapolcai and Attila Korsi and Andr¨¢s Majd¨¢n and Zal¨¢n Heszberger},
   title = {Compressing IP Forwarding Tables: Towards Entropy Bounds and Beyond},
  booktitle = {ACM SIGCOMM},
   year = {2013}
}

@inproceedings{hadoopwatch,
   author = {Yang Peng and Kai Chen and Guohui Wang and Wei Bai and Zhiqiang Ma and Lin Gu},
   title = {HadoopWatch: A First Step Towards Comprehensive Traffic Forecasting in Cloud Computing},
  booktitle = {INFOCOM},
   year = {2014}
}

@INPROCEEDINGS{mahout,
author={Andrew Curtis and Wonho Kim and Praveen Yalagandula},
booktitle={INFOCOM},
title={Mahout: Low-overhead datacenter traffic management using end-host-based elephant detection},
year={2011}
}

   @inproceedings{zupdate,
   author = {Hongqiang Liu and Xin Wu and Ming Zhang and Lihua Yuan and Roger Wattenhofer and David Maltz},
   title = {zUpdate: Updating Data Center Networks With Zero Loss},
   booktitle = {ACM SIGCOMM},
   year = {2013}
}

   @inproceedings{swan,
   author = {Chi-Yao Hong and Srikanth Kandula and Ratul Mahajan and Ming Zhang and Vijay Gill and Mohan Nanduri and Rogger Wattenhofer},
   title = {Achieving high utilization using software-driven WAN},
   booktitle = {ACM SIGCOMM},
   year = {2013}
}

   @inproceedings{mptcp,
   author = {Costin Raiciu and Sebastien Barre and Christopher Pluntke and Adam Greenhalgh and Damon Wischik and Mark Handley},
   title = { Improving Datacenter Performance and Robustness with Multipath TCP},
   booktitle = {SIGCOMM},
   year = {2011}
}

   @inproceedings{microTE,
   author = {Theophilus Benson and Ashok Anand and Aditya Akella and Ming Zhang},
   title = {MicroTE: Fine Grained Traffic Engineering for Data Centers},
   booktitle = {CoNEXT},
   year = {2010}
}

   @inproceedings{oktopus,
   author = {Hitesh Ballani and Paolo Costa and Thomas Karagiannis and Ant Rowstron},
   title = {Towards Predictable Datacenter Networks},
   booktitle = {SIGCOMM},
   year = {2011}
}

    @inproceedings{proteus2012,
   author = {Di Xie and Ning Ding and Y. Charlie Hu and Ramana Kompella},
   title = {The Only Constant is Change: Incorporating Time-Varying Network Reservations in Data Centers},
   booktitle = {SIGCOMM},
   year = {2012}
}



  @inproceedings{longestmatching,
   author = {Richard Draves and Christopher King and Srinivasan Venkatachary and Brian Zill},
   title = {Constructing optimal IP routing tables},
   booktitle = {INFOCOM},
   year = {1999}
}

 @inproceedings{trill,
   author = {R. Perlman},
   title = {Rbridges: Transparent Routing},
   booktitle = {INFOCOM},
   year = {2004}
}

 @inproceedings{mpls2003,
   author = {David Applegate and Mikkel Thorup},
   title = {Load optimal MPLS routing with N + M labels},
   booktitle = {INFOCOM},
   year = {2003}
}



@inproceedings{ciscodc,
   author = {Cisco},
   title = {Data center: Load balancing data center services},
   booktitle = {},
   year = {2004}
}

@article{ecmp,
author = {C. Hopps},
title = "Analysis of an Equal-Cost Multi-Path Algorithm",
journal = "RFC 2992",
year = "2000"
}

@article{ospf,
author = {J. Moy},
title = "OSPF Version 2",
journal = "RFC 2328",
year = "1998"
}

@article{mpls,
author = {E. Rosen and A. Viswanathan and R. Callon},
title = "Multiprotocol Label Switching Architecture",
journal = "RFC 3031",
year = "2001"
}


@article{spb,
author = {D. Fedyk and P. Ashwood-Smith and D. Allan and A. Bragg and P. Unbehagen.},
title = "IS-IS Extensions Supporting IEEE 802.1aq Shortest Path Bridging",
journal = "RFC 6329",
year = "2012"
}

@article{openflow,
 author = {N. McKeown and T. Anderson and H. Balakrishnan and G. Parulkar and L. Peterson and J. Rexford and S. Shenker and J. Turner},
 title = {OpenFlow: Enabling innovation in campus networks},
 journal = {ACM Computer Communication Review},
 year = {2008}
 }

@inproceedings{butterfly,
   author = {John Kim and William J. Dally and Dennis Abts},
   title = {Flattened Butterfly: A Cost-Efficient Topology for High-Radix Networks},
   booktitle = {ISCA},
   year = {2007}
}

@inproceedings{past,
   author = {Brent Stephens and Alan Cox and Wes Felter and Colin Dixon and John Carter},
   title = {PAST: Scalable Ethernet for Data Centers},
   booktitle = {CoNEXT},
   year = {2012}
}

@inproceedings{netpilot,
   author = {Xin Wu and Daniel Turner and George Chen and Dave Maltz and Xiaowei Yang and Lihua Yuan and Ming Zhang},
   title = {NetPilot: Automating Datacenter Network Failure Mitigation},
   booktitle = {SIGCOMM},
   year = {2012}
}

@inproceedings{camcube,
   author = {Hussam Abu-Libdeh and Paolo Costa and Antony Rowstron and Greg O'Shea and Austin Donnelly},
   title = {Symbiotic Routing in Future Data Centers},
   booktitle = {SIGCOMM},
   year = {2010}
}

@inproceedings{virtualknotter,
   author = {Xitao Wen and Kai Chen and Yan Chen and Yongqiang Liu and Yong Xia and Chengchen Hu},
   title = {VirtualKnotter: Online Virtual Machine Shuffling for Congestion Resolving in Virtualized Datacenter},
   booktitle = {ICDCS},
   year = {2012}
}

@inproceedings{mirror,
   author = {Xia Zhou and Zengbin Zhang and Yibo Zhu and Yubo Li and Saipriya Kumar and Amin Vahdat and Ben Y. Zhao and Haitao Zheng},
   title = {Mirror Mirror on the Ceiling: Flexible Wireless Links for Data Centers},
   booktitle = {SIGCOMM},
   year = {2012}
}

@inproceedings{saucy,
    author={Paul T. Darga and Karem A. Sakallah and Igor L. Markov},
    title ={{Faster Symmetry Discovery using Sparsity of Symmetries}},
    booktitle={45st Design Automation Conference},
    year={2008},
    }

@inproceedings{nauty,
    author={Brendan D. McKay},
    title ={{Practical graph isomorphism}},
    booktitle={Congressus Numerantium},
    year={1981},
    }	

@inproceedings{serverswitch,
   author = {Guohan Lu and Chuanxiong Guo and Yulong Li and Zhiqiang Zhou and Tong Yuan and Haitao Wu and Yongqiang Xiong and Gui Gao and Yongguang Zhang},
   title = {ServerSwitch: A Programmable and High Performance Platform for Data Center Networks},
   booktitle = {NSDI},
    year = {2011}
}

@inproceedings{nice12,
   author = {Marco Canini and Daniele Venzano and Peter Peresini and Dejan Kostic and Jennifer Rexfordg},
   title = {A NICEWay to Test OpenFlow Applications},
   booktitle = {NSDI},
    year = {2012}
}

@inproceedings{jellyfish,
   author = {Ankit Singla and Chi-Yao Hong and Lucian Popa and P. Brighten Godfrey},
   title = {Jellyfish: Networking Data Centers Randomly},
    booktitle = {NSDI},
    year = {2012}
}

@inproceedings{hyperx,
   author = {Jung Ho Ahn and Nathan Binkert and Al Davis and Moray McLaren and Robert S. Schreiber},
   title = {HyperX: Topology, Routing, and Packaging of Efficient Large-Scale Networks},
   booktitle = {SC},
   year = {2009}
}

@inproceedings{spain,
   author = {Jayaram Mudigonda and Praveen Yalagandula and Jeffrey C. Mogul},
   title = {SPAIN: COTS Data-Center Ethernet for Multipathing over Arbitrary Topologies},
    booktitle = {NSDI},
    year = {2010}
}

@article{dclayout,
author = {Dennis Abts and John Kim},
title = "High Performance Datacenter Networks: Architectures, Algorithms, and Opportunity",
journal = "Synthesis Lectures on Computer Architecture",
year = "2011"
}

@article{bmatching,
author = {Alexander Schrijver},
title = "Bipartite edge-colouring in O($\Delta$m) time",
journal = "SIAM Journal on Computing",
year = "1998"
}

@article{mpls,
author = {E. Rosen and A. Viswanathan and R. Callon},
title = "Multiprotocol Label Switching Architecture",
journal = "RFC 3031",
year = "2001"
}

@article{kncube,
author = {William J. Dally},
title = "Performance analysis of k-ary n-cube interconnection networks",
journal = "IEEE Transaction on Computer",
year = "1990"
}

@article{torustree,
author = {Shyue-Ming Tang and Jinn-Shyong Yang and Yue-Li Wang and Jou-Ming Chang},
title = "Independent Spanning Trees on Multidimensional Torus Networks",
journal = "IEEE Transaction on Computer",
year = "2010"
}

@misc{googlewarehouse,
    author = {Google},
    title = {Scaling Challenges for Warehouse Scale Computers},
	howpublished = {\url{"http://iee.ucsb.edu/content/2011-summit-video-presentation-bikash-koley"}}
}

@misc{iptable,
    author = {Broadcom},
    title = {Broadcom Strata XGS Trident II},
	howpublished = {\url{"http://www.broadcom.com"}}
}

@misc{sourcerouting,
    author = {Wikipedia},
    title = {Source Routing},
	howpublished = {\url{"http://en.wikipedia.org/wiki/Source_routing"}}
}

@misc{knapsack,
    author = {Wikipedia},
    title = {The Knapsack problem},
	howpublished = {\url{"http://en.wikipedia.org/wiki/Knapsack_problem"}}
}

@misc{pubsub,
    author = {Wikipedia},
    title = {The Publishsubscribe pattern},
	howpublished = {\url{"http://en.wikipedia.org/wiki/Publish\_subscribe_pattern"}}
}

@misc{picaconfig,
    author = {Pica8},
    title = {PicOS 2.0.1 L2/L3 Configuration Guide},
	howpublished = {\url{"http://www.pica8.com/document/picos-2.0.1-l2-l3-configuration-guide.pdf"}}
}

@misc{sflow,
    author = {SFlow},
    title = {Traffic Monitoring using sFlow},
	howpublished = {\url{"http://www.sflow.org/sFlowOverview.pdf"}}
}

@misc{pronto3295,
    author = {Pica8},
    title = {P-3290 \& P-3295 - Pica8},
	howpublished = {\url{"http://www.pica8.com/documents/pica8-datasheet-48x1gbe-p3290-p3295.pdf"}}
}

@article{setubal1996sequential,
  title={Sequential and parallel experimental results with bipartite matching algorithms},
  author={Setubal, Jo{\~a}o C and others},
  journal={University of Campinas, Tech. Rep. IC-96-09},
  year={1996}
}




@misc{3sat,
    author = {Wikipedia},
    title = {Boolean satisfiability problem},
	howpublished = {\url{"http://en.wikipedia.org/wiki/Boolean_satisfiability_problem"}}
}

@misc{progressive,
    author = {Wikipedia},
    title = {Progressive filling},
	howpublished = {\url{"http://en.wikipedia.org/wiki/Max-min_fairness"}}
}

@misc{wiring,
    author = {Wikipedia},
    title = {Best Practices Guide: Cabling the Data Center},
	howpublished = {\url{"http://www.brocade.com/downloads/documents/white_papers/Cabling_Best_Practices_GA-BP-036-02.pdf"}}
}

@misc{hungarian,
    author = {Wikipedia},
    title = {Hungarian algorithm},
	howpublished = {\url{"http://en.wikipedia.org/wiki/Hungarian_algorithm"}}
}

@article{coloring,
  title={On edge coloring bipartite graphs},
  author={Cole, Richard and Hopcroft, John},
  journal={SIAM Journal on Computing},
  volume={11},
  number={3},
  pages={540--546},
  year={1982},
  publisher={SIAM}
}

@misc{vertexcoloring,
    author = {Wikipedia},
    author = {Graph vertex coloring},
	howpublished = {\url{"http://en.wikipedia.org/wiki/Graph_coloring"}}
}

@misc{Lee,
    author = {Wikipedia},
    author = {Lee distance},
	howpublished = {\url{"http://en.wikipedia.org/wiki/Lee_distance"}}
}

@misc{Manhattan,
    author = {Wiktionary},
    author = {Manhattan distance},
	howpublished = {\url{"http://en.wiktionary.org/wiki/Manhattan_distance"}}
}

@inproceedings{ospf-TE,
   author = {Bernard Fortz and Mikkel Thorup},
   title = {Internet Traffic Engineering by Optimizing OSPF Weights},
   booktitle = {INFOCOM},
   year = {2000}
}

@inproceedings{osm03,
   author = {T.A. Truex and A. A. Bent and N. W. Hagood},
   title = {Beam steering optical switch fabric utilizing piezoelectric actuation technology},
   booktitle = {NFOEC},
   year = {2003}
}


@TECHREPORT{databahn,
   author = {Kai Chen and Ankit Singla and Atul Singh and Kishore Ramachandran and Lei Xu and Yueping Zhang and Yan Chen},
   title = {A Flexible Switching Architecture for Data Center Networks},
   booktitle = {NECLA},
   year = {2011}
}


@inproceedings{dctraffic09,
   author = {Srikanth Kandula and Sudipta Sengupta and Albert Greenberg and Parveen Patel and Ronnie Chaiken},
   title = {The Nature of Datacenter Traffic: Measurements and Analysis},
   booktitle = {ACM IMC},
   year = {2009}
}

@inproceedings{dctraffic10,
   author = {Theophilus Benson and Aditya Akella and David Maltz},
   title = {Network Traffic Characteristics of Data Centers in the Wild},
   booktitle = {IMC},
   year = {2010}
}

@inproceedings{flyways11,
   author = {Daniel Halperin and Srikanth Kandula and Jitendra Padhye and Paramvir Bahl and David Wetherall},
   title = {Augmenting Data Center Networks with Multi-gigabit Wireless Links},
   booktitle = {SIGCOMM},
   year = {2011}
}

@inproceedings{secondnet,
   author = {Chuanxiong Guo and Guohan Lu and Helen Wang and Shuang Yang and Chao Kong and Peng Sun and Wenfei Wu and Yongguang Zhang},
   title = {SecondNet: A Data Center Network Virtualization Architecture with Bandwidth Guarantees},
    booktitle = {CoNEXT},
   year = {2010}
}



@inproceedings{googlepaper1,
author = {Hong Liu and Cedric F. Lam and Chris Johnson},
title = {Scaling Optical Interconnects in Datacenter Networks Opportunities and Challenges for WDM},
booktitle= {Hot Interconnects},
year = {2010}
}

@inproceedings{nphardness,
   author = {Elif Akcali and Alper Ungor},
   title = {Approximation Algorithms for Degree-Constrained Bipartite Network Flow},
   booktitle = {ISCIS},
   year = {2003}
}

@INPROCEEDINGS{dac,
    author={Kai Chen and Chuanxiong Guo and Haitao Wu and Jing Yuan and Zhenqian Feng and Yan Chen and Songwu Lu and Wenfei Wu},
    booktitle={SIGCOMM},
    title={Generic and Automatic Address Configuration for Data Centers},
   year={2010}
}

@INPROCEEDINGS{elastictree,
    author={Brandon Heller and Srinivasan Seetharaman and Priya Mahadevan and Yiannis Yiakoumis and Puneet Sharma and Sujata Banerjee and Nick McKeown},
    booktitle={NSDI},
    title={ElasticTree: Saving Energy in Data Center Networks},
    year={2010}
}

@INPROCEEDINGS{fabric12,
    author={Martin Casado and Teemu Koponen and Scott Shenker and Amin Tootoonchian},
    booktitle={HotSDN},
    title={Fabric: A Retrospective on Evolving SDN},
    year={2012}
}

@inproceedings{mordia,
   author = {George Porter and Richard Strong and Nathan Farrington and Alex Forencich and Pang-Chen Sun and Tajana Rosing and Yeshaiahu Fainman and George Papen and Amin Vahdat},
   title = {Integrating Microsecond Circuit Switching into the Data Center},
   booktitle = {ACM SIGCOMM},
   year = {2013}
}

@INPROCEEDINGS{hedera,
    author={Mohammad Al-Fares and Sivasankar Radhakrishnan and Barath Raghavan and Nelson Huang and Amin Vahdat},
    booktitle={USENIX NSDI},
    title={Hedera: Dynamic Flow Scheduling for Data Center Networks},
    year={2010}
}

@INPROCEEDINGS{f10,
    author={Vincent Liu and Daniel Halperin and Arvind Krishnamurthy and Thomas Anderson, },
    booktitle={NSDI},
    title={F10: A Fault-Tolerant Engineered Network },
    year={2013}
}

@INPROCEEDINGS{dryad,
    author={Michael Isard and Mihai Budiu and Yuan Yu and Andrew Birrell and Dennis Fetterly},
    booktitle={Eurosys},
    title={Dryad: Distributed Data-parallel Programs from Sequential Building Blocks},
    year={2007}
}




@INPROCEEDINGS{gfs,
    author={Sanjay Ghemawat and Howard Gobioff and ShunTak Leung},
    booktitle={SOSP},
    title={The Google File System},
    year={2003}
}


@INPROCEEDINGS{nphard1,
    author={Ratnasamy, S. and Handley, M. and Karp, R. and Shenker, S.},
    booktitle={IEEE INFOCOM},
    title={Topologically-aware overlay construction and server selection},
    year={2002}
}

@UNPUBLISHED{nphard2,
    author = {Yatin Chawathe and Steven Mccanne and Eric Brewer},
    title = {An Architecture for Internet Content Distribution as an Infrastructure Service},
    note = {Unpublished work},
    year = {2000}
}

@article{edgecolor,
  title={A constructive proof of Vizing's theorem},
  author={Misra, Jayadev and Gries, David},
  journal={Information Processing Letters},
  volume={41},
  number={3},
  pages={131--133},
  year={1992},
  publisher={Elsevier}
}

@article{kconnected,
author = {Bollob\'{a}s, B\'{e}la},
title = {Random Graphs, 2nd edition},
publisher = {Cambridge University Press},
year = {2001]}
}

@LINKS{lemon,
    author = {LEMON Graph Library},
	link = {http://lemon.cs.elte.hu}
}

@MISC{hamilton-blog,
    author = {James Hamilton},
    title = {Data Center NetworksAre in My Way},
    howpublished = {\url{"http://mvdirona.com/jrh/TalksAndPapers/JamesHamilton\_CleanSlateCTO2009.pdf"}}
}

@misc{cir,
    author = {CIR},
    title = {40G Ethernet ¨C- Closer Than Ever to an All-Optical Network},
	howpublished = {\url{"http://cir-inc.com/resources/40-100GigE.pdf"}}
}

@misc{googletalk,
    author = {Jeff Dean},
    title = {Designs, Lessons and Advice from Building Large Distributed Systems},
    howpublished = {\url{"http://www.odbms.org/download/dean-keynote-ladis2009.pdf"}}
}

@inproceedings{googlepaper2,
author={Lam, C. and Hong Liu and Koley, B. and Xiaoxue Zhao and Kamalov, V. and Gill, V.},
journal={IEEE Communications Magazine},
title={Fiber optic communication technologies: What's needed for datacenter operations},
year={2010}
}

@misc{adc,
    author = {ADC},
    title = {40 and 100 Gigabit Ethernet: An Imminent Reality},
    howpublished = {\url{"http://www.adc.com/Attachment/1270718303886/108956AE,0.pdf"}}
}

@misc{dcnknowledge,
    author = {John Rath},
    title = {Google Eyes ``Optical Express" for its Network},
    howpublished = {\url{"http://www.datacenterknowledge.com/archives/2010/05/24/google-eyes-optical-express-for-its-network/"}}
}



@ARTICLE{1000mems,
author={J. Kim et.al},
booktitle={IEEE Photonics Technology Letters},
title={1100$\times$1100 port MEMS-based optical crossconnect with 4-dB maximum loss},
year={2003},
}

@MISC{regularGraphs,
    author = {Markus Meringer},
    title = {Regular Graphs},
    howpublished = "\url{http://www.mathe2.uni-bayreuth.de/markus/reggraphs.html}"
}

@article{bmatch,
 author = {M\"{u}ller-Hannemann, Matthias and Schwartz, Alexander},
 title = {Implementing weighted b-matching algorithms: insights from a computational study},
 booktitle = {J. Exp. Algorithmics},
 year = {2000},
 }

@article{overlay,
author = {Mina Youssef and Caterina Scoglio},
title = "On graph-based characteristics of optimal overlay topologies",
booktitle = "Computer Networks",
year = "2009"
}

@TECHREPORT{simannealing,
    author = {Katia Obraczka and Peter Danzig},
    title = {Finding Low-Diameter, Low Edge-Cost, Networks},
    year = {1997},
    institution = {University of Southern California}
}

@MISC{broadcom,
    author = {Broadcom},
    title = {BCM56840 Series Enables Mass Deployment of 10GbE in the Data Center},
    howpublished = "\url {http://www.broadcom.com/products/features/BCM56840.php}"
}

@MISC{us-electrical-cost,
    author = {US Energy Information Administration},
    title = {Average Retail Price of Electricity to Ultimate Customers by End-Use Sector, by State},
    howpublished = "\url{http://www.eia.doe.gov/electricity/epm/table5_6_b.html}"
}

@LINKS{coadna,
  author = {CoAdna},
  link = "http://www.coadna.com/"
}

@MISC{google-caffeine,
    author = {Google},
    title = {Our new search index: Caffeine},
    howpublished = "\url{http://googleblog.blogspot.com/2010/06/our-new-search-index-caffeine.html}"
}

@ARTICLE{o-e-o,
author={Keeler, G.A. and Agarwal, D. and Debaes, C. and Nelson, B.E. and Helman, N.C. and Thienpont, H. and Miller, D.A.B.},
booktitle={IEEE Photonics Technology Letters},
title={Optical pump-probe measurements of the latency of silicon CMOS optical interconnects},
year={2002},
}

@INPROCEEDINGS{wss,
 author = {Collings, B. C},
 title = "{Wavelength Selectable Switches and Future Photonic Network Applications}",
 year = 2009,
 booktitle = {Photonic Switching}
}

@INPROCEEDINGS{vl2,
    author = {Albert Greenberg and James R. Hamilton and Navendu Jain and Srikanth Kandula and Changhoon Kim and Parantap Lahiri and David A. Maltz and Parveen Patel and Sudipta Sengupta},
    title = {{VL2}: A Scalable and Flexible Data Center Network},
    year = {2009},
    booktitle = {ACM SIGCOMM}
}

@inproceedings{fattree,
 author = {Mohammad Al-Fares and Alexander Loukissas and Amin Vahdat},
 title = {A Scalable, Commodity Data Center Network Architecture},
 booktitle = {ACM SIGCOMM},
 year = {2008}
 }

@inproceedings{portland,
    author = {Radhika Niranjan Mysore and Andreas Pamboris and Nathan Farrington and Nelson Huang and Pardis Miri and Sivasankar Radhakrishnan and Vikram Subramanya and Amin Vahdat},
    title = {PortLand: A Scalable Fault-Tolerant Layer 2 Data Center Network Fabric},
    year = {2009},
    booktitle = {SIGCOMM}
}



@inproceedings{helios,
    author = {Nathan Farrington and George Porter and Sivasankar Radhakrishnan and Hamid Hajabdolali Bazzaz and Vikram Subramanya and Yeshaiahu Fainman and George Papen and Amin Vahdat},
    title = {Helios: A Hybrid Electrical/Optical Switch Architecture for Modular Data Centers},
    year = {2010},
    booktitle = {ACM SIGCOMM}
}

@inproceedings{ficonn,
    author = {Dan Li and Chuanxiong Guo and Haitao Wu and Kun Tan and Yongguang Zhang and Songwu Lu},
    title = {{FiConn}: Using Backup Port for Server Interconnection in Data Centers},
    year = {2009},
    booktitle = {INFOCOM}
}

@inproceedings{bcn,
    author = {Deke Guo and Tao Chen and Dan Li and Yunhao Liu and Xue Liu},
    title = {BCN: Expansible Network Structures for Datacenters Using Hierarchical Compound Graphs},
    booktitle = {INFOCOM},
	year = {2011},
}

@INPROCEEDINGS{dcell,
    author = {Chuanxiong Guo and Haitao Wu and Kun Tan and Lei Shi and Yongguang Zhang and Songwu Lu},
    title = {{DCell}: A scalable and fault-tolerant network structure for data centers},
    booktitle = {SIGCOMM},
    year = {2008}
}

@INPROCEEDINGS{bcube,
    author = {Chuanxiong Guo and Guohan Lu and Dan Li and Haitao Wu and Xuan Zhang and Yunfeng Shi and Chen Tian and Yongguang Zhang and Songwu Lu},
    title = {{BCube}: A High Performance, Server-centric Network Architecture for Modular Data Centers},
    booktitle = {SIGCOMM},
    year = {2009}
}

@INPROCEEDINGS{mdcube,
    author = {Haitao Wu and Guohan Lu and Dan Li and Chuanxiong Guo and Yongguang Zhang},
    title = {{MDCube}: A High Performance Network Structure for Modular Data Center Interconnection},
    year = {2009},
    booktitle = {CoNext}
}

@INPROCEEDINGS{flyways,
  title={Flyways To De-Congest Data Center Networks},
  author={Kandula, S. and Padhye, J. and Bahl, P.},
  booktitle={HotNets},
  year = {2009}
}

@INPROCEEDINGS{trafficStable,
  title={The Case for Fine-grained Traffic Engineering in Data-centers},
  author={Benson, T. and Anand, A. and Akella, A. and Zhang, M.},
  booktitle={USENIX INM/WREN},
  year={2010}
}

@inproceedings{bb52006,
        AUTHOR = {Escolano, F. and Hancock, E.R. and Lozano, M.A.},
        TITLE = {Birkhoff polytopes, heat kernels and graph complexity},
        BOOKTITLE = {ICPR08},
        YEAR = {2008},
        PAGES = {1-5}
}

@MISC{odc,
AUTHOR = {Claussen, Jens},
TITLE = {Offdiagonal Complexity: A computationally quick complexity measure for graphs and networks},
YEAR = {2004}
}

@inproceedings{cisco,
 author = {Behringer, Michael H.},
 title = {Classifying Network Complexity},
 booktitle = {ReArch '09: Proceedings of the 2009 workshop on Re-architecting the internet},
 year = {2009},
 }

@inproceedings{sylvia,
 author = {Chun, Byung-Gon and Ratnasamy, Sylvia and Kohler, Eddie},
 title = {NetComplex: a complexity metric for networked system designs},
 booktitle = {USENIX NSDI},
 year = {2008}
 }

@article{schumacher,
  title={{An algorithm for construction of a K-connected graph with minimum number of edges and quasiminimal diameter}},
  author={Schumacher, U.},
  booktitle={Networks},
  year={2006},
}

@article{binomial,
  title={{Binomial graph: A scalable and fault-tolerant logical network topology}},
  author={Angskun, T. and Bosilca, G. and Dongarra, J.},
  booktitle={Parallel and Distributed Processing and Applications},
}

@article{harary,
  title={{N-Sun Decomposition of Complete, Complete Bipartite and Some Harary Graphs}},
  author={Anitha, R. and Lekshmi, RS},
  publisher={Citeseer}
}

@inproceedings{hpc-optical,
  AUTHOR = { Barker, K.J. and   Benner, A. and   Hoare, R. and   Hoisie, A. and   Jones, A.K. and   Kerbyson, D.K. and   Li, D. and   Melhem, R. and   Rajamony, R. and   Schenfeld, E. and Shao, S. and   Stunkel, C. and   Walker, P.},
  TITLE = {{On the feasibility of optical circuit switching for high performance computing systems}},
  BOOKTITLE = {{SC}},
  YEAR = 2005
}

@inproceedings{chen09,
  AUTHOR = {Yanpei Chen and Rean Griffith and Junda Liu and Randy H. Katz and Anthony D. Joseph},
  TITLE = {{Understanding TCP Incast Throughput Collapse in Datacenter Networks}},
  BOOKTITLE = {{ACM WREN}},
  YEAR = 2009
}

@inproceedings{wu10,
  AUTHOR = {Haitao Wu and Zhenqian Feng and Chuanxiong Guo and Yongguang Zhang},
  TITLE = {{ICTCP: Incast Congestion Control for TCP}},
  BOOKTITLE = {{ACM CoNext}},
  YEAR = 2010
}

@inproceedings{vasudevan09,
  AUTHOR = {Vijay Vasudevan and Amar Phanishayee and Hiral Shah and Elie Krevat and David G. Andersen and Gregory R. Ganger and Garth A. Gibson and Brian Mueller},
  TITLE = {{Safe and Effective Fine-grained TCP Retransmissions for Datacenter Communication}},
  BOOKTITLE = {{ACM SIGCOMM}},
  YEAR = 2009
}

@article{vizing,
  title={On an estimate of the chromatic class of a p-graph},
  author={Vizing, Vadim G},
  booktitle={Diskret. Analiz},
  year={1964}
}

@book{bellford,
  title={Digraphs: theory, algorithms and applications},
  author={Bang-Jensen, J$^2$rgen and Gutin, Gregory Z},
  year={2009},
  publisher={Springer}
}

@inproceedings{switchingspeed,
  title={Hardware requirements for optical circuit switched data center networks},
  author={Farrington, Nathan and Fainman, Yeshaiahu and Liu, Hong and Papen, George and Vahdat, Amin},
  booktitle={Optical fiber conference (OFC/NFOEC¡¯11)},
  year={2011}
}

@article{perfisol,
  title={What we talk about when we talk about cloud network performance},
  author={Mogul, Jeffrey C and Popa, Lucian},
  booktitle={ACM SIGCOMM Computer Communication Review},
  year={2012},
}

@inproceedings{multicastscaling,
  title={Scaling IP multicast on datacenter topologies},
  author={Li, Xiaozhou and Freedman, Michael J},
  BOOKTITLE = {{ACM CoNext}},
  YEAR = 2013
}

@article{wve,
  title={Improving energy efficiency through application of infrastructure virtualization: introducing IBM WebSphere Virtual Enterprise},
  author={Ryder, C},
  booktitle={The Sageza Group},
  year={2008}
}

@article{eyeq,
  title={EyeQ: Practical network performance isolation at the edge},
  author={Jeyakumar, Vimalkumar and Alizadeh, Mohammad and Mazieres, David and Prabhakar, Balaji and Kim, Changhoon and Greenberg, Albert},
  booktitle={NSDI},
  year={2013}
}

@misc{rti,
    author = {RTI},
    title = {Real Time Innovations Data Distribution Service},
    howpublished = {\url{"http://www.rti.com/products/data_distribution/"}}
}

@misc{tibco,
    author = {TIBCO},
    title = {Rendezvous},
    howpublished = {\url{"http://www.tibco.com/software/messaging/rendezvous/default.jsp"}}
}


@misc{bea,
    author = {BEA},
    title = {WebLogic Server 10.3 Documentation},
    howpublished = {\url{"http://e-docs.bea.com/wls/docs103/pdf/cluster.pdf"}}
}

@misc{jboss,
    author = {JBoss},
    title = {Application Server},
    howpublished = {\url{"http://www.jboss.org"}}
}

@misc{gemstone,
    author = {GEMSTONE},
    title = {GemFire},
    howpublished = {\url{"http://www.gemstone.com/products/gemfire/enterprise.php"}}
}

@misc{coherence,
    author = {Oracle},
    title = {Coherence 3.4 User Guide},
    howpublished = {\url{"http://coherence.oracle.com/display/COH34UG/"}}
}

@inproceedings{paramserv,
  author = {A. Ahmed and M. Aly and J. Gonzalez and S. Narayanamurthy and A. J. Smola},
  title = {Scalable inference in latent variable models},
  booktitle = {WSDM '12: Proceedings of the fifth ACM international conference on Web search and data mining},
  year = {2012},
}

@inproceedings{drmulticast,
  title={Dr. multicast: Rx for data center communication scalability},
  author={Vigfusson, Ymir and Abu-Libdeh, Hussam and Balakrishnan, Mahesh and Birman, Ken and Burgess, Robert and Chockler, Gregory and Li, Haoyuan and Tock, Yoav},
  booktitle={Proceedings of the 5th European conference on Computer systems},
  year={2010},
}

@article{pubsubhubbub,
  title={Pubsubhubbub core 0.3--working draft},
  author={Fitzpatrick, Brad and Slatkin, Brett and Atkins, Martin},
  booktitle={Project Hosting on Google Code, available at http://pubsubhubbub. googlecode. com/svn/trunk/pubsubhubbub-core-0.3. html},
  year={2010}
}

@article{mcbride2013multicast,
  title={Multicast in the data center overview},
  author={McBride, Mike},
  year={2013}
}

@article{rmcast,
  title={Reliable Multicast in Data Center Networks},
  author={Li, Dan and Xu, Mingwei and Liu, Ying and Xie, Xia and Cui, Yong and Wang, Jingyi and Chen, Guihai},
  year={2013},
  publisher={IEEE}
}

@inproceedings{ricebold3,
  title={Blast: Accelerating High-Performance Data Analytics Applications by Optical Multicast},
  author={Yiting Xia and T. S. Eugene Ng and Xiaoye Steven Sun},
  BOOKTITLE = {{IEEE Infocom}},
  year={2015}
}

@inproceedings{ricebold1,
  title={A Cross-Layer SDN Control Plane for Optical Multicast-Featured Datacenters},
  author={Xia, Yiting and Ng, TS Eugene},
  BOOKTITLE = {{HotSDN poster}},
  year = {2014}
}

@inproceedings{ricebold2,
  title={An Optical Programmable Network Architecture Supporting Iterative Multicast for Data-intensive Applications},
  author={Samadi, P and Wang, H and Calhoun, D and Xia, Y and Sripanidkulchai, K and Ng, TS Eugene and Bergman, K},
  BOOKTITLE = {{IEEE Optical Interconnects}},
  year = {2014}
}

@inproceedings{firefly,
  title={FireFly: A Reconfigurable Wireless Data Center Fabric Using Free-Space Optics},
  author={Navid Hamedazimi and Zafar Qazi and Himanshu Gupta and Vyas Sekar and Samir R. Das and Jon P. Longtin and Himanshu Shah and Ashish Tanwery},
  BOOKTITLE = {{ACM SIGCOMM}},
  year = {2014}
}

@article{dean2008mapreduce,
  title={MapReduce: simplified data processing on large clusters},
  author={Dean, Jeffrey and Ghemawat, Sanjay},
  booktitle={Communications of the ACM},
  year={2008},
}

@inproceedings{isard2007dryad,
  title={Dryad: distributed data-parallel programs from sequential building blocks},
  author={Isard, Michael and Budiu, Mihai and Yu, Yuan and Birrell, Andrew and Fetterly, Dennis},
  booktitle={ACM SIGOPS Operating Systems Review},
  year={2007},
}

@inproceedings{malewicz2010pregel,
  title={Pregel: a system for large-scale graph processing},
  author={Malewicz, Grzegorz and Austern, Matthew H and Bik, Aart JC and Dehnert, James C and Horn, Ilan and Leiser, Naty and Czajkowski, Grzegorz},
  booktitle={Proceedings of the 2010 ACM SIGMOD International Conference on Management of data},
  year={2010},
}

@inproceedings{lin2012fast,
  title={Fast response dual-frequency liquid crystal switch with photo-patterned alignments},
  author={Lin, Xiao-Wen and Hu, Wei and Hu, Xi-Kui and Liang, Xiao and Chen, Ye and Cui, Hong-Qing and Zhu, Ge and Li, Jia-Nan and Chigrinov, Vladimir and Lu, Yan-Qing},
  booktitle={Optics letters},
  year={2012},
}

@inproceedings{geis201030,
  title={30 to 50 ns liquid-crystal optical switches},
  author={Geis, MW and Lyszczarz, TM and Osgood, RM and Kimball, BR},
  booktitle={Optics express},
  year={2010},
}

@inproceedings{quartz,
  title={Quartz: a new design element for low-latency DCNs},
  author={Liu, Yunpeng James and Gao, Peter Xiang and Wong, Bernard and Keshav, Srinivasan},
  booktitle={ACM SIGCOMM},
  year={2014},
}

@inproceedings{rethinkphy,
  title={Rethinking the physical layer of data center networks of the next decade: Using optics to enable efficient*-cast connectivity},
  author={Wang, Howard and Xia, Yiting and Bergman, Keren and Ng, TS and Sahu, Sambit and Sripanidkulchai, Kunwadee},
  booktitle={ACM SIGCOMM Computer Communication Review},
  year={2013},
}

@inproceedings{reactor,
  title={Circuit switching under the radar with reactor},
  author={Liu, He and Lu, Feng and Forencich, Alex and Kapoor, Rishi and Tewari, Malveeka and Voelker, Geoffrey M and Papen, George and Snoeren, Alex C and Porter, George},
  booktitle={USENIX NSDI},
  year={2014}
}

@inproceedings{azad2012multithreaded,
  title={Multithreaded algorithms for maximum matching in bipartite graphs},
  author={Azad, Ariful and Halappanavar, Mahantesh and Rajamanickam, Sivasankaran and Boman, Erik G and Khan, Arif and Pothen, Alex},
  booktitle={Parallel \& Distributed Processing Symposium (IPDPS), 2012 IEEE 26th International},
  year={2012},
}

@article{fastpass,
  title={Fastpass: Providing first-packet delivery},
  author={Wendlandt, Dan and Andersen, David G and Perrig, Adrian},
  year={2006}
}

@misc{wiki:2009traffic,
  title={Wikipedia Traffic Statistics Dataset},
  author={Peter Skomoroch},
  journal={2009-09-09},
  howpublished = "{\url{http://aws.amazon.com/datasets/2596}}",
  year={2009}
}

@misc{freebase:wex,
  title = {Freebase Wikipedia Extraction (WEX)},
  author = "Metaweb-Technologies",
  howpublished = "\url{http://download.freebase.com/wex/}",
  edition = "07 05, 2010",
  year = "2010"
}

@article{iperf,
  title={Iperf: The TCP/UDP bandwidth measurement tool},
  author={Tirumala, Ajay and Qin, Feng and Dugan, Jon and Ferguson, Jim and Gibbs, Kevin},
  journal={http://dast.nlanr.net/Projects},
  year={2005}
}

@article{lovasz1986matching,
  title={Matching theory},
  author={Lov{\'a}sz, L{\'a}szl{\'o} and Plummer, Michael D},
  year={1986}
}

@book{lovasz2009matching,
  title={Matching theory},
  author={Lov{\'a}sz, L{\'a}szl{\'o} and Plummer, Michael D},
  volume={367},
  year={2009},
  publisher={American Mathematical Soc.}
}

@book{sonetfault,
  title={Network recovery: Protection and Restoration of Optical, SONET-SDH, IP, and MPLS},
  author={Vasseur, Jean-Philippe and Pickavet, Mario and Demeester, Piet},
  year={2004},
  publisher={Elsevier}
}

@inproceedings{orchestra,
  title={Managing data transfers in computer clusters with orchestra},
  author={Chowdhury, Mosharaf and Zaharia, Matei and Ma, Justin and Jordan, Michael I and Stoica, Ion},
  booktitle={ACM SIGCOMM Computer Communication Review},
  year={2011},
}

@inproceedings{zaharia2010spark,
  title={Resilient distributed datasets: A fault-tolerant abstraction for in-memory cluster computing},
  author={Zaharia, Matei and Chowdhury, Mosharaf and Das, Tathagata and Dave, Ankur and Ma, Justin and McCauley, Murphy and Franklin, Michael J and Shenker, Scott and Stoica, Ion},
  booktitle={USENIX NSDI},
  year={2012},
}

@techreport{mstechrep,
    author = {Chen, Li and Chen, Kai and Wang, Hao and Zhu, Joshua and Yu, Minlan and Wang, Guohui and Zhong, Shan and Gao, Peter Xiang and Qiao, Chunming},
    title = {MegaSwitch (Technical Report)},
    howpublished = "\url{http://goo.gl/R2ekDD}"
}

@article{poon2009cascaded,
  title={Cascaded microresonator-based matrix switch for silicon on-chip optical interconnection},
  author={Poon, Andrew W and Luo, Xianshu and Xu, Fang and Chen, Hui},
  booktitle={Proceedings of the IEEE},
  year={2009},
}

@inproceedings{gaeta2014all,
  title={All-optical switching in silicon ring resonators},
  author={Gaeta, Alexander L},
  booktitle={Photonics in Switching},
  year={2014},
}

@misc{won2010integrating,
  title={Integrating silicon photonics},
  author={Won, Rachel and Paniccia, Mario},
  year={2010},
  publisher={NATURE PUBLISHING GROUP MACMILLAN BUILDING, 4 CRINAN ST, LONDON N1 9XW, ENGLAND}
}

@article{pal2013switching,
  title={Switching of ferroelectric liquid crystal doped with cetyltrimethylammonium bromide-assisted CdS nanostructures},
  author={Pal, Kaushik and Maiti, Uday Narayan and Majumder, Tapas Pal and Debnath, Subhas Chandra and Ghosh, Sharmistha and Roy, Subir Kumar and Ot{\'o}n, Jos{\'e} Manuel},
  booktitle={Nanotechnology},
  year={2013},
}

@inproceedings{pasquale2003all,
  title={All-Raman transmission of 192 25-GHz spaced WDM channels at 10.66 Gb/s over 30 x 22 dB of TW-RS fiber},
  author={Pasquale, F Di and Meli, F and Griseri, E and Sguazzotti, A and Tosetti, C and Forghieri, F},
  booktitle={IEEE Photonics Technology Letters},
  year={2003},
}

@Inproceedings{yamamoto2010quantum,
  title={Quantum dot optical frequency comb laser with mode-selection technique for 1-$\mu$m waveband photonic transport system},
  author={Yamamoto, Naokatsu and Akahane, Kouichi and Kawanishi, Tetsuya and Katouf, Redouane and Sotobayashi, Hideyuki},
  booktitle={Japanese Journal of Applied Physics},
  year={2010},
}

@inproceedings{martinez2013quantum,
  title={Quantum dot mode locked lasers for coherent frequency comb generation},
  author={Martinez, A and Cal{\`o}, C and Rosales, R and Watts, RT and Merghem, K and Accard, A and Lelarge, F and Barry, LP and Ramdane, A},
  booktitle={SPIE OPTO},
  year={2013},
}

@INPROCEEDINGS{zhu2015prog,
  title={A fully programmable and scalable optical switching fabric for Petabyte Data Center},
  author={Zhonghua Zhu and Shang Zhong and Li Chen and Kai Chen},
  booktitle={Optics Express},
  year={2015},
}

@inproceedings{evans2008lcos,
  title={LCOS-based WSS with true integrated channel monitor for signal quality monitoring applications in ROADMS},
  author={Evans, Peter and Baxter, Glenn and Zhou, Hao and Abakoumov, Dmitri and Poole, Simon and Frisken, Steven},
  booktitle={Optical Fiber communication/National Fiber Optic Engineers Conference, 2008. OFC/NFOEC 2008. Conference on},
  year={2008},
}

@inproceedings{pase,
  title={Friends, not foes: synthesizing existing transport strategies for data center networks},
  author={Munir, Ali and Baig, Ghufran and Irteza, Syed M and Qazi, Ihsan A and Liu, Alex X and Dogar, Fahad R},
  booktitle={Proceedings of the 2014 ACM conference on SIGCOMM},
  year={2014},
}

@inproceedings{pias,
  title={PIAS: Practical Information-Agnostic Flow Scheduling for Data Center Networks},
  author={Bai, Wei and Chen, Li and Chen, Kai and Han, Dongsu and Tian, Chen and Sun, Weicheng},
  booktitle={Proceedings of the 13th ACM Workshop on Hot Topics in Networks},
  year={2014},
}

@inproceedings{google-dcn,
  title={Jupiter Rising: A Decade of Clos Topologies and Centralized Control in Google's Datacenter Network},
  author={Singh, Arjun and Ong, Joon and Agarwal, Amit and Anderson, Glen and Armistead, Ashby and Bannon, Roy and Boving, Seb and Desai, Gaurav and Felderman, Bob and Germano, Paulie and others},
  year={2015},
  booktitle={ACM SIGCOMM}
}

@inproceedings{facebook-dcn,
  title={Inside the Social Network's (Datacenter) Network},
  author={Roy, Arjun and Zeng, Hongyi and Bagga, Jasmeet and Porter, George and Snoeren, Alex C},
  year={2015},
  booktitle={ACM SIGCOMM}
}

@LINKS{yahoohadoop,
    author = {Yahoo!},
    title ={Hadoop Wiki},
	link = {https://wiki.apache.org/hadoop/PoweredBy#Y}
}

@misc{ryu,
    author = {OSRG},
    title ={Ryu SDN Framework},
	howpublished = {\url{"https://osrg.github.io/ryu/"}},
	year = {2017}
}

@book{hadoop,
  title={Hadoop: The definitive guide},
  author={White, Tom},
  year={2012},
  publisher={" O'Reilly Media, Inc."}
}

@inproceedings{ovs,
  title={Extending Networking into the Virtualization Layer.},
  author={Pfaff, Ben and Pettit, Justin and Amidon, Keith and Casado, Martin and Koponen, Teemu and Shenker, Scott},
  booktitle={ACM Hotnets},
  year={2009}
}

@inproceedings {grin,
	author = {Alexandru Agache and Razvan Deaconescu and Costin Raiciu},
	title = {Increasing Datacenter Network Utilisation with GRIN},
	booktitle = {12th USENIX Symposium on Networked Systems Design and Implementation (NSDI 15)},
	year = {2015},
}

@misc{redis,
  title={Redis},
  author={Sanfilippo, Salvatore and Noordhuis, Pieter},
  howpublished={\url{"http://redis.io"}},
  year={2010}
}

@inproceedings{flowprophet,
  title={FLOWPROPHET: Generic and Accurate Traffic Prediction for Data-parallel Cluster Computing},
  author={Wang, Hao and Chen, Li and Chen, Kai and Li, Ziyang and Zhang, Yiming and Guan, Haibing and Qi, Zhengwei and Li, Dongsheng and Geng, Yanhui},
  booktitle={Distributed Computing Systems, International Conference on (ICDCS2015)},
  year={2015}
}

@article{plc,
  title={Silica-based 2$\times$ 2 multimode interference coupler with arbitrary power splitting ratio},
  author={Saida, Takashi and Himeno, Akira and Okuno, Masayuki and Sugita, Akio and Okamoto, Katsunari},
  booktitle={Electronics Letters},
  year={1999},
}

@article{silica,
  title={Advances in silica planar lightwave circuits},
  author={Doerr, Christopher Richard and Okamoto, Katsunari},
  journal={Journal of lightwave technology},
  volume={24},
  number={12},
  pages={4763--4789},
  year={2006},
  publisher={IEEE}
}

@article{dctcp,
  title={Data center tcp (dctcp)},
  author={Alizadeh, Mohammad and Greenberg, Albert and Maltz, David A and Padhye, Jitendra and Patel, Parveen and Prabhakar, Balaji and Sengupta, Sudipta and Sridharan, Murari},
  journal={ACM SIGCOMM Computer Communication Review},
  volume={41},
  number={4},
  pages={63--74},
  year={2011},
  publisher={ACM}
}



@inproceedings{permu1,
  title={A unified approach to off-line permutation routing on parallel networks},
  author={Annexstein, Fred and Baumslag, Marc},
  booktitle={ACM SPAA},
  year={1990},
}

@article{permu2,
  title={Off-line permutation embedding and scheduling in multiplexed optical networks with regular topologies},
  author={Qiao, Chunming and Mei, Yousong},
  journal={IEEE/ACM Transactions on Networking},
  volume={7},
  number={2},
  pages={241--250},
  year={1999},
  publisher={IEEE Press}
}

@MISC{hedlund2011understanding,
  title={Understanding Hadoop clusters and the network},
  author={Hedlund, Brad},
  howpublished ={\url{"http://bradhedlund.com/"}},
  year={2011}
}

@inproceedings{hdfs,
  title={The hadoop distributed file system},
  author={Shvachko, Konstantin and Kuang, Hairong and Radia, Sanjay and Chansler, Robert},
  booktitle={IEEE MSST},
  year={2010},
}

@article{vrrp,
  title={Virtual router redundancy protocol (VRRP)},
  author={Hinden, Robert},
  journal={RFC 5798},
  year={2004}
}

@article{tof1,
  title={Highly efficient tunable optical filter based on liquid crystal micro-ring resonator with large free spectral range},
  author={Dai, Jing and Zhang, Minming and Zhou, Feiya and Liu, Deming},
  journal={Frontiers of Optoelectronics},
  pages={1--9},
  year={2015},
  publisher={Springer}
}

@article{tof2,
  title={Fast tunable optical filter using cascaded Mach-Zehnder interferometers with apodized sampled gratings},
  author={Segawa, T and Matsuo, S and Ohiso, Y and Ishii, T and Shibata, Y and Suzuki, H},
  journal={IEEE photonics technology letters},
  volume={17},
  number={1},
  pages={139--141},
  year={2005},
  publisher={Institute of Electrical and Electronics Engineers}
}

@inproceedings{megaswitch,
  title={Enabling Wide-Spread Communications on Optical Fabric with {MegaSwitch}},
  author={Chen, Li and Chen, Kai and Zhu, Zhonghua and Yu, Minlan and Porter, George and Qiao, Chunming and Zhong, Shan},
  booktitle={NSDI},
    year={2016},
}

@inproceedings{sunflow,
  title={Sunflow: Efficient Optical Circuit Scheduling for Coflows},
  author={Huang, Xin Sunny and Sun, Xiaoye Steven and Ng, TS Eugene},
  booktitle={CoNEXT},
  year={2016},

}


@inproceedings{eclipse,
  title={Costly circuits, submodular schedules and approximate Carath{\'e}odory theorems},
  author={Bojja, Shaileshh and Alizadeh, Mohammad and Viswanath, Pramod},
  booktitle={SIGMETRICS},
  year={2015}
}

@inproceedings{solstice,
  title={Scheduling techniques for hybrid circuit/packet networks},
  author={Liu, He and Mukerjee, Matthew K and Li, Conglong and Feltman, Nicolas and Papen, George and Savage, Stefan and Seshan, Srinivasan and Voelker, Geoffrey M and Andersen, David G and Kaminsky, Michael and others},
  booktitle={CoNEXT},
  year={2015},
}


@inproceedings{coda,
  title={{CODA}: Toward automatically identifying and scheduling coflows in the dark},
  author={Zhang, Hong and Chen, Li and Yi, Bairen and Chen, Kai and Chowdhury, Mosharaf and Geng, Yanhui},
  booktitle={SIGCOMM},
    year={2016},

}

@article{p4,
  title={P4: Programming protocol-independent packet processors},
  author={Bosshart, Pat and Daly, Dan and Gibb, Glen and Izzard, Martin and McKeown, Nick and Rexford, Jennifer and Schlesinger, Cole and Talayco, Dan and Vahdat, Amin and Varghese, George and others},
  journal={ACM SIGCOMM Computer Communication Review},
  volume={44},
  number={3},
  pages={87--95},
  year={2014},
  publisher={ACM}
}

@inproceedings{rotornet,
  title={RotorNet: A scalable, low-complexity, optical datacenter network},
  author={Mellette, William M and McGuinness, Rob and Roy, Arjun and Forencich, Alex and Papen, George and Snoeren, Alex C and Porter, George},
  booktitle={SIGCOMM},
  year={2017},
}
