
@misc{coflow-benchmark,
  title = "{{Coflow Benchmark Based on Facebook Traces}}",
  howpublished= "\url{https://github.com/coflow/coflow-benchmark}"
}

@LINKS{rox,
    author = {Shuihai Hu, Kai Chen,  Haitao Wu, Chang Lan, Hongze Zhao, Chuanxiong Guo, "Rox: Routing over eXplicit Paths in Data Centers", Technical Report, HKUST},
	link = {http://www.cse.ust.hk/~kaichen/papers/rox-tr.pdf}
}

@article{stp,
 author = {R. Perlman},
 title = {An Algorithm for Distributed Computation of a Spanning Tree in an Extended LAN},
 journal = {ACM Computer Communication Review},
 year = {1985}
 }

@MISC{ofentries,
    title = {Broadcom Trident II series},
    howpublished = {\url{http://www.broadcom.com/docs/features/StrataXGS_Trident_II_presentation.pdf}},
	 year = {2012}
}

@inproceedings{james10,
	author = {James Hamilton},
    title = {Inter-datacenter replication and geo-redundancy},
	year = {2010}
}

@inproceedings{facebook11,
    author = {Paul Yang},
    title = {Moving an Elephant: Large Scale Hadoop Data Migration at Facebook},
    year = {2011}
}

@MISC{cisco-white,
    title = {Cisco Global Cloud Index: Forecast and Methodology, 2012-2017},
    howpublished = {\url{http://www.cisco.com/en/US/solutions/collateral/ns341/ns525/ns537/ns705/ns1175/Cloud_Index_White_Paper.pdf}},
	 year = {2013}
}

@MISC{ebay,
    title = {Todd Hoff: 10 eBay Secrets for Planet Wide Scaling},
    howpublished = {\url{http://highscalability.com/blog/2009/11/17/10-ebay-secrets-for-planet-wide-scaling.html}},
	 year = {2009}
}

@MISC{slaexample,
    title = {Werner Vogels: Performance and Scalability},
    howpublished = {\url{http://www.allthingsdistributed.com/2006/04/performance_and_scalability.html}},
	 year = {2006}
}


@MISC{badsla,
    title = {Why DC-DC WAN optimization is important},
    howpublished = {\url{http://ovum.com/2012/07/15/why-dc-dc-wan-optimization-is-important}},
	 year = {2012}
}

@MISC{amazon-emr,
    title = {{Amazon Elastic MapReduce}},
    howpublished = {\url{http://aws.amazon.com/elasticmapreduce/}},
}

@inproceedings{b4,
   author = {Sushant Jain and Alok Kumar and Subhasree Mandal and Joon Ong and Leon Poutievski and Arjun Singh and Subbaiah Venkata and Jim Wanderer and Junlan Zhou and Min Zhu and Jonathan Zolla and Urs Hölzle and Stephen Stuart and Amin Vahdat},
   title = {B4: Experience with a Globally Deployed Software Defined WAN},
   booktitle = {ACM SIGCOMM},
   year = {2013}
}

@inproceedings{rmt2013,
   author = {Pat Bossharty and Glen Gibbz and Hun-Seok Kimy and George Varghesex and Nick McKeownz and Martin Izzardy and Fernando Mujicay and Mark Horowitzz},
   title = {Forwarding Metamorphosis: Fast Programmable Match-Action Processing in Hardware for SDN},
   booktitle = {ACM SIGCOMM},
   year = {2013}
}

@MISC{forrester,
    title = {Forrester Research. The Future of Data Center Wide-Area Networking},
    howpublished = {\url{"info.infineta.com/l/5622/2011-01-27/Y26"}},
	 year = {2010}
}

A First Look at Inter-Data Center Traffic Characteristics via
Yahoo! Datasets

@inproceedings{interWANtraffic,
   author = {Yingying Chen and Sourabh Jain and Vijay Kumar Adhikari and Zhi-Li Zhang and Kuai Xu},
   title = {A First Look at Inter-Data Center Traffic Characteristics via Yahoo! Datasets},
  booktitle = {INFOCOM},
   year = {2011}
}

@inproceedings{d3,
 author = {Christo Wilson and Hitesh Ballani and Thomas Karagiannis and Ant Rowtron},
 title = {Better never than late: meeting deadlines in datacenter networks},
 booktitle = {SIGCOMM},
 year = {2011},
}

@inproceedings{facebookphoto,
 author = {Doug Beaver and Sanjeev Kumar and Harry C. Li and Jason Sobel and Peter Vajgel},
 title = {Finding a needle in Haystack: Facebooks photo storage},
 booktitle = {OSDI},
 year = {2010},
}

@inproceedings{dynamo,
 author = {Giuseppe DeCandia and Deniz Hastorun and Madan Jampani and Gunavardhan Kakulapati and Avinash Lakshman and Alex Pilchin and Swaminathan Sivasubramanian and Peter Vosshall
and Werner Vogels},
 title = {Dynamo: Amazons Highly Available Key-value Store},
 booktitle = {SOSP},
 year = {2007},
}

@inproceedings{IPtable2013,
   author = {G¨¢bor R¨¦tv¨¢ri and J¨¢nos Tapolcai and Attila Korsi and Andr¨¢s Majd¨¢n and Zal¨¢n Heszberger},
   title = {Compressing IP Forwarding Tables: Towards Entropy Bounds and Beyond},
  booktitle = {ACM SIGCOMM},
   year = {2013}
}

   @inproceedings{zupdate,
   author = {Hongqiang Liu and Xin Wu and Ming Zhang and Lihua Yuan and Roger Wattenhofer and David Maltz},
   title = {zUpdate: Updating Data Center Networks With Zero Loss},
   booktitle = {ACM SIGCOMM},
   year = {2013}
}

   @inproceedings{swan,
   author = {Chi-Yao Hong and Srikanth Kandula and Ratul Mahajan and Ming Zhang and Vijay Gill and Mohan Nanduri and Rogger Wattenhofer},
   title = {Achieving high utilization using software-driven WAN},
   booktitle = {ACM SIGCOMM},
   year = {2013}
}

   @inproceedings{mptcp,
   author = {Costin Raiciu and Sebastien Barre and Christopher Pluntke and Adam Greenhalgh and Damon Wischik and Mark Handley},
   title = { Improving Datacenter Performance and Robustness with Multipath TCP},
   booktitle = {SIGCOMM},
   year = {2011}
}

   @inproceedings{microTE,
   author = {Theophilus Benson and Ashok Anand and Aditya Akella and Ming Zhang},
   title = {MicroTE: Fine Grained Traffic Engineering for Data Centers},
   booktitle = {CoNEXT},
   year = {2010}
}

   @inproceedings{oktopus,
   author = {Hitesh Ballani and Paolo Costa and Thomas Karagiannis and Ant Rowstron},
   title = {Towards Predictable Datacenter Networks},
   booktitle = {SIGCOMM},
   year = {2011}
}

   @inproceedings{netstitcher,
   author = {Nikolaos Laoutaris and Michael Sirivianos and Xiaoyuan Yang and Pablo Rodriguez},
   title = {Inter-Datacenter Bulk Transfers with NetStitcher},
   booktitle = {SIGCOMM},
   year = {2011}
}

    @inproceedings{proteus2012,
   author = {Di Xie and Ning Ding and Y. Charlie Hu and Ramana Kompella},
   title = {The Only Constant is Change: Incorporating Time-Varying Network Reservations in Data Centers},
   booktitle = {SIGCOMM},
   year = {2012}
}



  @inproceedings{longestmatching,
   author = {Richard Draves and Christopher King and Srinivasan Venkatachary and Brian Zill},
   title = {Constructing optimal IP routing tables},
   booktitle = {INFOCOM},
   year = {1999}
}

 @inproceedings{trill,
   author = {R. Perlman},
   title = {Rbridges: Transparent Routing},
   booktitle = {INFOCOM},
   year = {2004}
}

 @inproceedings{mpls2003,
   author = {David Applegate and Mikkel Thorup},
   title = {Load optimal MPLS routing with N + M labels},
   booktitle = {INFOCOM},
   year = {2003}
}



@inproceedings{ciscodc,
   author = {Cisco},
   title = {Data center: Load balancing data center services},
   booktitle = {},
   year = {2004}
}

@article{ecmp,
author = {C. Hopps},
title = "Analysis of an Equal-Cost Multi-Path Algorithm",
journal = "RFC 2992",
year = "2000"
}

@article{ospf,
author = {J. Moy},
title = "OSPF Version 2",
journal = "RFC 2328",
year = "1998"
}

@article{mpls,
author = {E. Rosen and A. Viswanathan and R. Callon},
title = "Multiprotocol Label Switching Architecture",
journal = "RFC 3031",
year = "2001"
}


@article{spb,
author = {D. Fedyk and P. Ashwood-Smith and D. Allan and A. Bragg and P. Unbehagen.},
title = "IS-IS Extensions Supporting IEEE 802.1aq Shortest Path Bridging",
journal = "RFC 6329",
year = "2012"
}

@article{openflow,
 author = {N. McKeown and T. Anderson and H. Balakrishnan and G. Parulkar and L. Peterson and J. Rexford and S. Shenker and J. Turner},
 title = {OpenFlow: Enabling innovation in campus networks},
 journal = {ACM CCR},
 year = {2008}
 }

@inproceedings{butterfly,
   author = {John Kim and William J. Dally and Dennis Abts},
   title = {Flattened Butterfly: A Cost-Efficient Topology for High-Radix Networks},
   booktitle = {ISCA},
   year = {2007}
}

@inproceedings{past,
   author = {Brent Stephens and Alan Cox and Wes Felter and Colin Dixon and John Carter},
   title = {PAST: Scalable Ethernet for Data Centers},
   booktitle = {CoNEXT},
   year = {2012}
}

@inproceedings{netpilot,
   author = {Xin Wu and Daniel Turner and George Chen and Dave Maltz and Xiaowei Yang and Lihua Yuan and Ming Zhang},
   title = {NetPilot: Automating Datacenter Network Failure Mitigation},
   booktitle = {SIGCOMM},
   year = {2012}
}

@inproceedings{camcube,
   author = {Hussam Abu-Libdeh and Paolo Costa and Antony Rowstron and Greg O'Shea and Austin Donnelly},
   title = {Symbiotic Routing in Future Data Centers},
   booktitle = {SIGCOMM},
   year = {2010}
}

@inproceedings{virtualknotter,
   author = {Xitao Wen and Kai Chen and Yan Chen and Yongqiang Liu and Yong Xia and Chengchen Hu},
   title = {VirtualKnotter: Online Virtual Machine Shuffling for Congestion Resolving in Virtualized Datacenter},
   booktitle = {ICDCS},
   year = {2012}
}

@inproceedings{mirror,
   author = {Xia Zhou and Zengbin Zhang and Yibo Zhu and Yubo Li and Saipriya Kumar and Amin Vahdat and Ben Y. Zhao and Haitao Zheng},
   title = {Mirror Mirror on the Ceiling: Flexible Wireless Links for Data Centers},
   booktitle = {SIGCOMM},
   year = {2012}
}

@inproceedings{saucy,
    author={Paul T. Darga and Karem A. Sakallah and Igor L. Markov},
    title ={{Faster Symmetry Discovery using Sparsity of Symmetries}},
    booktitle={45st Design Automation Conference},
    year={2008},
    }

@inproceedings{nauty,
    author={Brendan D. McKay},
    title ={{Practical graph isomorphism}},
    booktitle={Congressus Numerantium},
    year={1981},
    }	

@inproceedings{serverswitch,
   author = {Guohan Lu and Chuanxiong Guo and Yulong Li and Zhiqiang Zhou and Tong Yuan and Haitao Wu and Yongqiang Xiong and Gui Gao and Yongguang Zhang},
   title = {ServerSwitch: A Programmable and High Performance Platform for Data Center Networks},
   booktitle = {NSDI},
    year = {2011}
}

@inproceedings{nice12,
   author = {Marco Canini and Daniele Venzano and Peter Peresini and Dejan Kostic and Jennifer Rexfordg},
   title = {A NICEWay to Test OpenFlow Applications},
   booktitle = {NSDI},
    year = {2012}
}



@inproceedings{osa,
   author = {Kai Chen and Ankit Singla and Atul Singh and Kishore Ramachandran and Lei Xu and Yueping Zhang and Xitao Wen and Yan Chen},
   title = {{OSA}: An Optical Switching Architecture for Data Center Networks with Unprecedented Flexibility},
   booktitle = {NSDI},
    year = {2012}
}

@inproceedings{jellyfish,
   author = {Ankit Singla and Chi-Yao Hong and Lucian Popa and P. Brighten Godfrey},
   title = {Jellyfish: Networking Data Centers Randomly},
    booktitle = {NSDI},
    year = {2012}
}

@inproceedings{hyperx,
   author = {Jung Ho Ahn and Nathan Binkert and Al Davis and Moray McLaren and Robert S. Schreiber},
   title = {HyperX: Topology, Routing, and Packaging of Efficient Large-Scale Networks},
   booktitle = {SC},
   year = {2009}
}

@inproceedings{spain,
   author = {Jayaram Mudigonda and Praveen Yalagandula and Jeffrey C. Mogul},
   title = {SPAIN: COTS Data-Center Ethernet for Multipathing over Arbitrary Topologies},
    booktitle = {NSDI},
    year = {2010}
}

@article{dclayout,
author = {Dennis Abts and John Kim},
title = "High Performance Datacenter Networks: Architectures, Algorithms, and Opportunity",
journal = "Synthesis Lectures on Computer Architecture",
year = "2011"
}

@article{bmatching,
author = {Alexander Schrijver},
title = "Bipartite edge-colouring in O($\Delta$m) time",
journal = "SIAM Journal on Computing",
year = "1998"
}

@article{mpls,
author = {E. Rosen and A. Viswanathan and R. Callon},
title = "Multiprotocol Label Switching Architecture",
journal = "RFC 3031",
year = "2001"
}

@article{kncube,
author = {William J. Dally},
title = "Performance analysis of k-ary n-cube interconnection networks",
journal = "IEEE Transaction on Computer",
year = "1990"
}

@article{torustree,
author = {Shyue-Ming Tang and Jinn-Shyong Yang and Yue-Li Wang and Jou-Ming Chang},
title = "Independent Spanning Trees on Multidimensional Torus Networks",
journal = "IEEE Transaction on Computer",
year = "2010"
}

%volume = "39",
%number = "6",
%pages = "775 - 785",

@LINKS{googlewarehouse,
    author = {Scaling Challenges for Warehouse Scale Computers},
	link = {http://iee.ucsb.edu/content/2011-summit-video-presentation-bikash-koley}
}

@LINKS{iptable,
    author = {Broadcom Strata XGS Trident II},
	link = {http://www.broadcom.com}
}

@LINKS{sourcerouting,
    author = {Source Routing},
	link = {http://en.wikipedia.org/wiki/Source_routing}
}

@LINKS{3sat,
    author = {Boolean satisfiability problem},
	link = {http://en.wikipedia.org/wiki/Boolean_satisfiability_problem}
}

@LINKS{progressive,
    author = {Progressive filling},
	link = {http://en.wikipedia.org/wiki/Max-min_fairness}
}

@LINKS{wiring,
    author = {Best Practices Guide: Cabling the Data Center},
	link = {http://www.brocade.com/downloads/documents/white_papers/Cabling_Best_Practices_GA-BP-036-02.pdf}
}

@LINKS{hungarian,
    author = {Hungarian algorithm},
	link = {http://en.wikipedia.org/wiki/Hungarian_algorithm}
}

@LINKS{coloring,
    author = {Edge coloring},
	link = {http://en.wikipedia.org/wiki/Edge_coloring}
}

@LINKS{vertexcoloring,
    author = {Graph vertex coloring},
	link = {http://en.wikipedia.org/wiki/Graph_coloring}
}


@LINKS{Lee,
    author = {Lee distance},
	link = {http://en.wikipedia.org/wiki/Lee_distance}
}

@LINKS{Manhattan,
    author = {Manhattan distance},
	link = {http://en.wiktionary.org/wiki/Manhattan_distance}
}

@inproceedings{ospf-TE,
   author = {Bernard Fortz and Mikkel Thorup},
   title = {Internet Traffic Engineering by Optimizing OSPF Weights},
   booktitle = {INFOCOM},
   year = {2000}
}

@inproceedings{osm03,
   author = {T.A. Truex and A. A. Bent and N. W. Hagood},
   title = {Beam steering optical switch fabric utilizing piezoelectric actuation technology},
   booktitle = {NFOEC},
   year = {2003}
}


@TECHREPORT{databahn,
   author = {Kai Chen and Ankit Singla and Atul Singh and Kishore Ramachandran and Lei Xu and Yueping Zhang and Yan Chen},
   title = {A Flexible Switching Architecture for Data Center Networks},
   booktitle = {NECLA},
   year = {2011}
}


@inproceedings{dctraffic09,
   author = {Srikanth Kandula and Sudipta Sengupta and Albert Greenberg and Parveen Patel and Ronnie Chaiken},
   title = {The Nature of Datacenter Traffic: Measurements and Analysis},
   booktitle = {IMC},
   year = {2009}
}

@inproceedings{dctraffic10,
   author = {Theophilus Benson and Aditya Akella and David Maltz},
   title = {Network Traffic Characteristics of Data Centers in the Wild},
   booktitle = {IMC},
   year = {2010}
}

@inproceedings{flyways11,
   author = {Daniel Halperin and Srikanth Kandula and Jitendra Padhye and Paramvir Bahl and David Wetherall},
   title = {Augmenting Data Center Networks with Multi-gigabit Wireless Links},
   booktitle = {SIGCOMM},
   year = {2011}
}

@inproceedings{secondnet,
   author = {Chuanxiong Guo and Guohan Lu and Helen Wang and Shuang Yang and Chao Kong and Peng Sun and Wenfei Wu and Yongguang Zhang},
   title = {SecondNet: A Data Center Network Virtualization Architecture with Bandwidth Guarantees},
    booktitle = {CoNEXT},
   year = {2010}
}



@inproceedings{googlepaper1,
author = {Hong Liu and Cedric F. Lam and Chris Johnson},
title = {Scaling Optical Interconnects in Datacenter Networks Opportunities and Challenges for WDM},
booktitle= {Hot Interconnects},
year = {2010}
}

@inproceedings{nphardness,
   author = {Elif Akcali and Alper Ungor},
   title = {Approximation Algorithms for Degree-Constrained Bipartite Network Flow},
   booktitle = {ISCIS},
   year = {2003}
}

@INPROCEEDINGS{dac,
    author={Kai Chen and Chuanxiong Guo and Haitao Wu and Jing Yuan and Zhenqian Feng and Yan Chen and Songwu Lu and Wenfei Wu},
    booktitle={SIGCOMM},
    title={Generic and Automatic Address Configuration for Data Centers},
   year={2010}
}

@INPROCEEDINGS{hedera,
    author={Mohammad Al-Fares and Sivasankar Radhakrishnan and Barath Raghavan and Nelson Huang and Amin Vahdat},
    booktitle={NSDI},
    title={Hedera: Dynamic Flow Scheduling for Data Center Networks},
    year={2010}
}

@INPROCEEDINGS{f10,
    author={Vincent Liu and Daniel Halperin and Arvind Krishnamurthy and Thomas Anderson, },
    booktitle={NSDI},
    title={F10: A Fault-Tolerant Engineered Network },
    year={2013}
}

@INPROCEEDINGS{dryad,
    author={Michael Isard and Mihai Budiu and Yuan Yu and Andrew Birrell and Dennis Fetterly},
    booktitle={Eurosys},
    title={Dryad: Distributed Data-parallel Programs from Sequential Building Blocks},
    year={2007}
}

@INPROCEEDINGS{mapreduce,
    author={Jeffrey Dean and Sanjay Ghemawat},
    booktitle={OSDI},
    title={MapReduce: Simplified Data Processing on Large Clusters},
    year={2004}
}



@INPROCEEDINGS{gfs,
    author={Sanjay Ghemawat and Howard Gobioff and ShunTak Leung},
    booktitle={SOSP},
    title={The Google File System},
    year={2003}
}


@INPROCEEDINGS{nphard1,
    author={Ratnasamy, S. and Handley, M. and Karp, R. and Shenker, S.},
    booktitle={IEEE INFOCOM},
    title={Topologically-aware overlay construction and server selection},
    year={2002}
}

@UNPUBLISHED{nphard2,
    author = {Yatin Chawathe and Steven Mccanne and Eric Brewer},
    title = {An Architecture for Internet Content Distribution as an Infrastructure Service},
    note = {Unpublished work},
    year = {2000}
}

@article{edgecolor,
 author = {Misra, J. and Gries, David},
 title = {A constructive proof of Vizing's Theorem},
 journal = {Inf. Process. Lett.},
 volume = {41},
 number = {3},
 year = {1992},
 issn = {0020-0190},
 pages = {131--133}
 }

@article{kconnected,
author = {Bollob\'{a}s, B\'{e}la},
title = {Random Graphs, 2nd edition},
publisher = {Cambridge University Press},
year = {2001]}
}

@LINKS{lemon,
    author = {LEMON Graph Library},
	link = {http://lemon.cs.elte.hu}
}

@MISC{hamilton-blog,
    author = {James Hamilton},
    title = {Data Center NetworksAre in My Way},
    howpublished = {\url{"http://mvdirona.com/jrh/TalksAndPapers/JamesHamilton\_CleanSlateCTO2009.pdf"}}
}

@misc{cir,
    author = {CIR},
    title = {40G Ethernet ¨C- Closer Than Ever to an All-Optical Network},
	howpublished = {\url{"http://cir-inc.com/resources/40-100GigE.pdf"}}
}

@misc{googletalk,
    author = {Jeff Dean},
    title = {Designs, Lessons and Advice from Building Large Distributed Systems},
    howpublished = {\url{"http://www.odbms.org/download/dean-keynote-ladis2009.pdf"}}
}

@inproceedings{googlepaper2,
author={Lam, C. and Hong Liu and Koley, B. and Xiaoxue Zhao and Kamalov, V. and Gill, V.},
journal={IEEE Communications Magazine},
title={Fiber optic communication technologies: What's needed for datacenter operations},
year={2010}
}

@misc{adc,
    author = {ADC},
    title = {40 and 100 Gigabit Ethernet: An Imminent Reality},
    howpublished = {\url{"http://www.adc.com/Attachment/1270718303886/108956AE,0.pdf"}}
}

@misc{dcnknowledge,
    author = {John Rath},
    title = {Google Eyes ``Optical Express" for its Network},
    howpublished = {\url{"http://www.datacenterknowledge.com/archives/2010/05/24/google-eyes-optical-express-for-its-network/"}}
}

%author={J. Kim and C.J. Nuzman and B. Kumar and D.F. Lieuwen and J.S. Kraus and A. Weiss and C.P. Lichtenwalner and A.R. Papazian and R.E. Frahm and N.R. Basavanhally and D.A. Ramsey and V.A. Aksyuk and F. Pardo and M.E. Simon and V. Lifton and H.B. Chan and M. Haueis and A. Gasparyan and H.R. Shea and S. Arney and C.A. Bolle and P.R. Kolodner and R. Ryf and D.T. Neilson and J.V. Gates},


@ARTICLE{1000mems,
author={J. Kim et.al},
journal={IEEE Photonics Technology Letters},
title={1100$\times$1100 port MEMS-based optical crossconnect with 4-dB maximum loss},
year={2003},
volume={15},
number={11},
pages={1537 -1539},
}

@MISC{regularGraphs,
    author = {Markus Meringer},
    title = {Regular Graphs},
    howpublished = "\url{http://www.mathe2.uni-bayreuth.de/markus/reggraphs.html}"
}

@article{bmatch,
 author = {M\"{u}ller-Hannemann, Matthias and Schwartz, Alexander},
 title = {Implementing weighted b-matching algorithms: insights from a computational study},
 journal = {J. Exp. Algorithmics},
 volume = {5},
 year = {2000},
 issn = {1084-6654},
 pages = {8}
 }

@article{overlay,
author = {Mina Youssef and Caterina Scoglio},
title = "On graph-based characteristics of optimal overlay topologies",
journal = "Computer Networks",
volume = "53",
number = "7",
pages = "913 - 925",
year = "2009"
}

@TECHREPORT{simannealing,
    author = {Katia Obraczka and Peter Danzig},
    title = {Finding Low-Diameter, Low Edge-Cost, Networks},
    year = {1997},
    institution = {University of Southern California}
}

@MISC{broadcom,
    author = {Broadcom},
    title = {BCM56840 Series Enables Mass Deployment of 10GbE in the Data Center},
    howpublished = "\url {http://www.broadcom.com/products/features/BCM56840.php}"
}

@MISC{us-electrical-cost,
    author = {US Energy Information Administration},
    title = {Average Retail Price of Electricity to Ultimate Customers by End-Use Sector, by State},
    howpublished = "\url{http://www.eia.doe.gov/electricity/epm/table5_6_b.html}"
}

@LINKS{coadna,
  author = {CoAdna},
  link = "http://www.coadna.com/"
}

@MISC{google-caffeine,
    author = {Google},
    title = {Our new search index: Caffeine},
    howpublished = "\url{http://googleblog.blogspot.com/2010/06/our-new-search-index-caffeine.html}"
}

@ARTICLE{o-e-o,
author={Keeler, G.A. and Agarwal, D. and Debaes, C. and Nelson, B.E. and Helman, N.C. and Thienpont, H. and Miller, D.A.B.},
journal={IEEE Photonics Technology Letters},
title={Optical pump-probe measurements of the latency of silicon CMOS optical interconnects},
year={2002},
volume={14},
number={8},
pages={ 1214 - 1216},
}

@INPROCEEDINGS{wss,
 author = {Collings, B. C},
 title = "{Wavelength Selectable Switches and Future Photonic Network Applications}",
 year = 2009,
 booktitle = {Photonic Switching}
}

@INPROCEEDINGS{vl2,
    author = {Albert Greenberg and James R. Hamilton and Navendu Jain and Srikanth Kandula and Changhoon Kim and Parantap Lahiri and David A. Maltz and Parveen Patel and Sudipta Sengupta},
    title = {{VL2}: A Scalable and Flexible Data Center Network},
    year = {2009},
    booktitle = {ACM SIGCOMM}
}

@inproceedings{fattree,
 author = {Mohammad Al-Fares and Alexander Loukissas and Amin Vahdat},
 title = {A Scalable, Commodity Data Center Network Architecture},
 booktitle = {ACM SIGCOMM},
 year = {2008}
 }

@inproceedings{portland,
    author = {Radhika Niranjan Mysore and Andreas Pamboris and Nathan Farrington and Nelson Huang and Pardis Miri and Sivasankar Radhakrishnan and Vikram Subramanya and Amin Vahdat},
    title = {PortLand: A Scalable Fault-Tolerant Layer 2 Data Center Network Fabric},
    year = {2009},
    booktitle = {SIGCOMM}
}

@inproceedings{cthrough,
    author = {Guohui Wang and David Andersen and Michael Kaminsky and Konstantina Papagiannaki and T. Ng and Michael Kozuch and Michael Ryan},
    title = {{c-Through}: Part-time Optics in Data Centers},
    year = {2010},
    booktitle = {SIGCOMM}
}

@inproceedings{helios,
    author = {Nathan Farrington and George Porter and Sivasankar Radhakrishnan and Hamid Hajabdolali Bazzaz and Vikram Subramanya and Yeshaiahu Fainman and George Papen and Amin Vahdat},
    title = {Helios: A Hybrid Electrical/Optical Switch Architecture for Modular Data Centers},
    year = {2010},
    booktitle = {SIGCOMM}
}

@inproceedings{ficonn,
    author = {Dan Li and Chuanxiong Guo and Haitao Wu and Kun Tan and Yongguang Zhang and Songwu Lu},
    title = {{FiConn}: Using Backup Port for Server Interconnection in Data Centers},
    year = {2009},
    booktitle = {INFOCOM}
}

@inproceedings{bcn,
    author = {Deke Guo and Tao Chen and Dan Li and Yunhao Liu and Xue Liu},
    title = {BCN: Expansible Network Structures for Datacenters Using Hierarchical Compound Graphs},
    booktitle = {INFOCOM},
	year = {2011},
}

@INPROCEEDINGS{dcell,
    author = {Chuanxiong Guo and Haitao Wu and Kun Tan and Lei Shi and Yongguang Zhang and Songwu Lu},
    title = {{DCell}: A scalable and fault-tolerant network structure for data centers},
    booktitle = {SIGCOMM},
    year = {2008}
}

@INPROCEEDINGS{bcube,
    author = {Chuanxiong Guo and Guohan Lu and Dan Li and Haitao Wu and Xuan Zhang and Yunfeng Shi and Chen Tian and Yongguang Zhang and Songwu Lu},
    title = {{BCube}: A High Performance, Server-centric Network Architecture for Modular Data Centers},
    booktitle = {SIGCOMM},
    year = {2009}
}

@INPROCEEDINGS{mdcube,
    author = {Haitao Wu and Guohan Lu and Dan Li and Chuanxiong Guo and Yongguang Zhang},
    title = {{MDCube}: A High Performance Network Structure for Modular Data Center Interconnection},
    year = {2009},
    booktitle = {CoNext}
}

@INPROCEEDINGS{flyways,
  title={Flyways To De-Congest Data Center Networks},
  author={Kandula, S. and Padhye, J. and Bahl, P.},
  booktitle={HotNets},
  year = {2009}
}

@INPROCEEDINGS{trafficStable,
  title={The Case for Fine-grained Traffic Engineering in Data-centers},
  author={Benson, T. and Anand, A. and Akella, A. and Zhang, M.},
  booktitle={USENIX INM/WREN},
  year={2010}
}

@inproceedings{bb52006,
        AUTHOR = {Escolano, F. and Hancock, E.R. and Lozano, M.A.},
        TITLE = {Birkhoff polytopes, heat kernels and graph complexity},
        BOOKTITLE = {ICPR08},
        YEAR = {2008},
        PAGES = {1-5}
}

@MISC{odc,
AUTHOR = {Claussen, Jens},
TITLE = {Offdiagonal Complexity: A computationally quick complexity measure for graphs and networks},
YEAR = {2004}
}

@inproceedings{cisco,
 author = {Behringer, Michael H.},
 title = {Classifying Network Complexity},
 booktitle = {ReArch '09: Proceedings of the 2009 workshop on Re-architecting the Internet},
 year = {2009},
 isbn = {978-1-60558-749-3},
 pages = {13--18},
 location = {Rome, Italy},
 doi = {http://doi.acm.org/10.1145/1658978.1658983},
 publisher = {ACM},
 address = {New York, NY, USA},
 }

@inproceedings{sylvia,
 author = {Chun, Byung-Gon and Ratnasamy, Sylvia and Kohler, Eddie},
 title = {NetComplex: a complexity metric for networked system designs},
 booktitle = {USENIX NSDI},
 year = {2008}
 }

@article{schumacher,
  title={{An algorithm for construction of a K-connected graph with minimum number of edges and quasiminimal diameter}},
  author={Schumacher, U.},
  journal={Networks},
  volume={14},
  number={1},
  pages={63--74},
  year={2006},
  publisher={John Wiley \& Sons}
}

@article{binomial,
  title={{Binomial graph: A scalable and fault-tolerant logical network topology}},
  author={Angskun, T. and Bosilca, G. and Dongarra, J.},
  journal={Parallel and Distributed Processing and Applications},
  pages={471--482},
  publisher={Springer}
}

@article{harary,
  title={{N-Sun Decomposition of Complete, Complete Bipartite and Some Harary Graphs}},
  author={Anitha, R. and Lekshmi, RS},
  publisher={Citeseer}
}

@inproceedings{hpc-optical,
  AUTHOR = { Barker, K.J. and   Benner, A. and   Hoare, R. and   Hoisie, A. and   Jones, A.K. and   Kerbyson, D.K. and   Li, D. and   Melhem, R. and   Rajamony, R. and   Schenfeld, E. and Shao, S. and   Stunkel, C. and   Walker, P.},
  TITLE = {{On the feasibility of optical circuit switching for high performance computing systems}},
  BOOKTITLE = {{SC}},
  YEAR = 2005
}

@inproceedings{chen09,
  AUTHOR = {Yanpei Chen and Rean Griffith and Junda Liu and Randy H. Katz and Anthony D. Joseph},
  TITLE = {{Understanding TCP Incast Throughput Collapse in Datacenter Networks}},
  BOOKTITLE = {{ACM WREN}},
  YEAR = 2009
}

@inproceedings{wu10,
  AUTHOR = {Haitao Wu and Zhenqian Feng and Chuanxiong Guo and Yongguang Zhang},
  TITLE = {{ICTCP: Incast Congestion Control for TCP}},
  BOOKTITLE = {{ACM CoNext}},
  YEAR = 2010
}

@inproceedings{vasudevan09,
  AUTHOR = {Vijay Vasudevan and Amar Phanishayee and Hiral Shah and Elie Krevat and David G. Andersen and Gregory R. Ganger and Garth A. Gibson and Brian Mueller},
  TITLE = {{Safe and Effective Fine-grained TCP Retransmissions for Datacenter Communication}},
  BOOKTITLE = {{ACM SIGCOMM}},
  YEAR = 2009
}

@inproceedings{elasticswitch,
  title={{ElasticSwitch: Practical Work-Conserving Bandwidth Guarantees for Cloud Computing}},
  author={{Popa, Lucian and Yalagandula, Praveen and Banerjee, Sujata and Mogul, Jeffrey C and Santos, Yoshio Turner Jose Renato}},
  BOOKTITLE = {{ACM SIGCOMM}},
  year={2013}
}

@misc{GLPK,
	author       = {GLPK},
	title        = {{GNU Linear Programming Kit}},
	howpublished = {\\{\tt http://www.gnu.org/software/glpk}},
}

@misc{Netfilter,
	title        = {{Netfilter}},
	howpublished = {\\{\tt http://www.netfilter.org/}},
}

@inproceedings{wilson2011better,
  title={Better never than late: Meeting deadlines in datacenter networks},
  author={Wilson, Christo and Ballani, Hitesh and Karagiannis, Thomas and Rowtron, Ant},
  booktitle={ACM SIGCOMM Computer Communication Review},
  volume={41},
  number={4},
  pages={50--61},
  year={2011},
  organization={ACM}
}

@inproceedings{vamanan2012deadline,
  title={Deadline-aware datacenter tcp (d2tcp)},
  author={Vamanan, Balajee and Hasan, Jahangir and Vijaykumar, TN},
  booktitle={Proceedings of the ACM SIGCOMM 2012 conference on Applications, technologies, architectures, and protocols for computer communication},
  pages={115--126},
  year={2012},
  organization={ACM}
}

@article{hong2012finishing,
  title={Finishing flows quickly with preemptive scheduling},
  author={Hong, Chi-Yao and Caesar, Matthew and Godfrey, P},
  journal={ACM SIGCOMM Computer Communication Review},
  volume={42},
  number={4},
  pages={127--138},
  year={2012},
  publisher={ACM}
}

@article{zats2012detail,
  title={DeTail: Reducing the flow completion time tail in datacenter networks},
  author={Zats, David and Das, Tathagata and Mohan, Prashanth and Borthakur, Dhruba and Katz, Randy},
  journal={ACM SIGCOMM Computer Communication Review},
  volume={42},
  number={4},
  pages={139--150},
  year={2012},
  publisher={ACM}
}

@article{rip,
  title={RFC 2453: Rip version 2},
  author={Malkin, G},
  journal={Request for Comments},
  volume={2453},
  year={1998}
}

@inproceedings{sigcomm-distributed-ratelimiting,
  title={Cloud control with distributed rate limiting},
  author={Raghavan, Barath and Vishwanath, Kashi and Ramabhadran, Sriram and Yocum, Kenneth and Snoeren, Alex C},
  booktitle={ACM SIGCOMM Computer Communication Review},
  volume={37},
  number={4},
  pages={337--348},
  year={2007},
  organization={ACM}
}

@inproceedings{baraat,
  title={Decentralized Task-Aware Scheduling for Data Center Networks},
  author={Dogar, Fahad R and Karagiannis, Thomas and Ballani, Hitesh and Rowstron, Ant},
  booktitle={SIGCOMM},
  year={2014},
}

@inproceedings{varys,
  title={Efficient coflow scheduling with {Varys}},
  author={Chowdhury, Mosharaf and Zhong, Yuan and Stoica, Ion},
  booktitle={SIGCOMM},
  year={2014},
}

@inproceedings{orchestra,
  title={Managing data transfers in computer clusters with {Orchestra}},
  author={Chowdhury, Mosharaf and Zaharia, Matei and Ma, Justin and Jordan, Michael I and Stoica, Ion},
  booktitle={SIGCOMM},
  year={2011},
}

@inproceedings{aalo,
  title={Efficient Coflow Scheduling Without Prior Knowledge},
  author={Chowdhury, Mosharaf and Stoica, Ion},
  booktitle={SIGCOMM},
  year={2015},
}

@inproceedings{corral,
  title={Network-Aware Scheduling for Data-Parallel Jobs: Plan When You Can},
  author={Jalaparti, Virajith and Bodik, Peter and Menache, Ishai and Rao, Sriram and Makarychev, Konstantin and Caesar, Matthew},
  booktitle={SIGCOMM},
  year={2015},
}

@inproceedings{rapier,
  title={{RAPIER}: Integrating Routing and Scheduling for Coflow-aware Data Center Networks},
  author={Zhao, Yangming and Chen, Kai and Bai, Wei and Tian, Chen and Geng, Yanhui and Zhang, Yiming and Li, Dan and Wang, Sheng},
  booktitle={INFOCOM},
  year={2015}
}

@inproceedings{coflow,
  title={Coflow: An application layer abstraction for cluster networking},
  author={Chowdhury, Mosharaf and Stoica, Ion},
  booktitle={Hotnets},
  year={2012},
}

@article{scaffidi2006apis,
  title={Why are {APIs} difficult to learn and use?},
  author={Scaffidi, Christopher},
  journal={Crossroads},
  volume={12},
  number={4},
  pages={4--4},
  year={2006},
}

@article{robillard2009makes,
  title={What makes {APIs} hard to learn? Answers from developers},
  author={Robillard, Martin P},
  journal={IEEE Software},
  volume={26},
  number={6},
  pages={27--34},
  year={2009},
}

@inproceedings{DML,
  title={Distance metric learning with application to clustering with side-information},
  author={Xing, Eric P and Jordan, Michael I and Russell, Stuart and Ng, Andrew Y},
  booktitle={NIPS},
  year={2002}
}

@inproceedings{communityspectral,
  title={Accurate Spectral Clustering for Community Detection in {MapReduce}},
  author={Tsironis, Serafeim and Sozio, Mauro and Vazirgiannis, Michalis and Poltechnique, LIX-Ecole},
  booktitle={NIPS},
  year={2013}
}

@article{communitysurvey,
  title={Community detection in graphs},
  author={Fortunato, Santo},
  journal={Physics Reports},
  volume={486},
  number={3},
  pages={75--174},
  year={2010},
  publisher={Elsevier}
}

@inproceedings{DCour,
  title={Network traffic characteristics of data centers in the wild},
  author={Benson, Theophilus and Akella, Aditya and Maltz, David A},
  booktitle={IMC},
  year={2010},
}

@article{DC1,
  title={Understanding data center traffic characteristics},
  author={Benson, Theophilus and Anand, Ashok and Akella, Aditya and Zhang, Ming},
  journal={SIGCOMM CCR},
  volume={40},
  number={1},
  pages={92--99},
  year={2010},
}

@inproceedings{incrementalDBSCAN,
  title={Incremental clustering for mining in a data warehousing environment},
  author={Ester, Martin and Kriegel, Hans-Peter and Sander, J{\"o}rg and Wimmer, Michael and Xu, Xiaowei},
  booktitle={VLDB},
  volume={98},
  pages={323--333},
  year={1998}
}

@inproceedings{DBSCAN,
  title={A density-based algorithm for discovering clusters in large spatial databases with noise},
  author={Ester, Martin and Kriegel, Hans-Peter and Sander, J{\"o}rg and Xu, Xiaowei},
  booktitle={KDD},
  pages={226--231},
  year={1996}
}

@article{classsurvey,
  title={A survey of techniques for {Internet} traffic classification using machine learning},
  author={Nguyen, Thuy TT and Armitage, Grenville},
  journal={IEEE Communications Surveys \& Tutorials},
  volume={10},
  number={4},
  pages={56--76},
  year={2008},
  publisher={IEEE}
}

@incollection{48,
  title={Flow clustering using machine learning techniques},
  author={McGregor, Anthony and Hall, Mark and Lorier, Perry and Brunskill, James},
  booktitle={PAM},
  year={2004},
}

@article{EM,
  title={Maximum likelihood from incomplete data via the {EM} algorithm},
  author={Dempster, Arthur P and Laird, Nan M and Rubin, Donald B},
  journal={Journal of the Royal Statistical Society. Series B (Methodological)},
  pages={1--38},
  year={1977},
  publisher={JSTOR}
}

@inproceedings{46,
  title={Automated traffic classification and application identification using machine learning},
  author={Zander, Sebastian and Nguyen, Thuy and Armitage, Grenville},
  booktitle={LCN},
  year={2005},
}

@inproceedings{50,
  title={Bayesian Classification ({AutoClass}): Theory and Results},
  author={Peter Cheeseman	and John Stutz},
  bootktitle={KDD},
  year=1996
}

@article{53,
  title={Traffic classification on the fly},
  author={Bernaille, Laurent and Teixeira, Renata and Akodkenou, Ismael and Soule, Augustin and Salamatian, Kave},
  journal={SIGCOMM CCR},
  volume={36},
  number={2},
  pages={23--26},
  year={2006},
}
@inproceedings{18,
  title={Class-of-service mapping for {QoS}: a statistical signature-based approach to {IP} traffic classification},
  author={Roughan, Matthew and Sen, Subhabrata and Spatscheck, Oliver and Duffield, Nick},
  booktitle={IMC},
  year={2004},
}

@article{14,
  title={Internet traffic classification using {Bayesian} analysis techniques},
  author={Moore, Andrew W and Zuev, Denis},
  booktitle={ACM SIGMETRICS Performance Evaluation Review},
  volume={33},
  number={1},
  pages={50--60},
  year={2005},
  organization={ACM}
}

@article{55,
  title={Bayesian neural networks for {Internet} traffic classification},
  author={Auld, Tom and Moore, Andrew W and Gull, Stephen F},
  journal={Neural Networks, IEEE Transactions on},
  volume={18},
  number={1},
  pages={223--239},
  year={2007},
  publisher={IEEE}
}

@inproceedings{56,
  title={Training on multiple sub-flows to optimize the use of Machine Learning classifiers in real-world {IP} networks},
  author={Nguyen, Thuy TT and Armitage, Grenville J},
  booktitle={LCN},
  year={2006}
}

@inproceedings{57,
  title={ACAS: automated construction of application signatures},
  author={Haffner, Patrick and Sen, Subhabrata and Spatscheck, Oliver and Wang, Dongmei},
  booktitle={Proceedings of the 2005 ACM SIGCOMM workshop on Mining network data},
  pages={197--202},
  year={2005},
  organization={ACM}
}

@inproceedings{blinc,
  title={{BLINC}: multilevel traffic classification in the dark},
  author={Karagiannis, Thomas and Papagiannaki, Konstantina and Faloutsos, Michalis},
  booktitle={SIGCOMM},
  year={2005},
}

@inproceedings{spark,
  title={Resilient distributed datasets: A fault-tolerant abstraction for in-memory cluster computing},
  author={Zaharia, Matei and Chowdhury, Mosharaf and Das, Tathagata and Dave, Ankur and Ma, Justin and McCauley, Murphy and Franklin, Michael J and Shenker, Scott and Stoica, Ion},
  booktitle={NSDI},
  year={2012},
}

@inproceedings{hdfs,
  title={The {Hadoop} distributed file system},
  author={Shvachko, Konstantin and Kuang, Hairong and Radia, Sanjay and Chansler, Robert},
  booktitle={MSST},
  year={2010},
}

@misc{hadoop,
  title = "{{Apache Hadoop}}",
  howpublished= "\url{http://hadoop.apache.org}"
}

@inproceedings{surviving,
  title={Surviving failures in bandwidth-constrained datacenters},
  author={Bod{\'\i}k, Peter and Menache, Ishai and Chowdhury, Mosharaf and Mani, Pradeepkumar and Maltz, David A and Stoica, Ion},
  booktitle={SIGCOMM},
  year={2012},
}

@article{tutorial,
  title={A tutorial on spectral clustering},
  author={Von Luxburg, Ulrike},
  journal={Statistics and computing},
  volume={17},
  number={4},
  pages={395--416},
  year={2007},
  publisher={Springer}
}

@article{spectral,
  title={Normalized cuts and image segmentation},
  author={Shi, Jianbo and Malik, Jitendra},
  journal={IEEE Transactions on Pattern Analysis and Machine Intelligence},
  volume={22},
  number={8},
  pages={888--905},
  year={2000},
  publisher={IEEE}
}

@book{northcutt2002network,
  title={Network intrusion detection},
  author={Northcutt, Stephen and Novak, Judy},
  year={2002},
  publisher={Sams Publishing}
}

@MISC{overspark,
    title = {Spark 1.4.1 Cluster Mode Overview},
    howpublished = {\url{https://spark.apache.org/docs/latest/cluster-overview.html}},
}



@inproceedings{k-means,
address = "Berkeley, Calif.",
author = "MacQueen, J.",
booktitle = "Proceedings of the Fifth Berkeley Symposium on Mathematical Statistics and Probability, Volume 1: Statistics",
pages = "281--297",
publisher = "University of California Press",
title = "Some methods for classification and analysis of multivariate observations",
url = "http://projecteuclid.org/euclid.bsmsp/1200512992",
year = "1967"
}

@article{robust1,
  title={Robustness measures and robust scheduling for job shops},
  author={JORGE LEON, V and DAVID WU, S and Storer, Robert H},
  journal={IIE transactions},
  volume={26},
  number={5},
  pages={32--43},
  year={1994},
  publisher={Taylor \& Francis}
}

@article{robust2,
  title={Robust scheduling to hedge against processing time uncertainty in single-stage production},
  author={Daniels, Richard L and Kouvelis, Panagiotis},
  journal={Management Science},
  volume={41},
  number={2},
  pages={363--376},
  year={1995},
  publisher={INFORMS}
}

@article{robust3,
  title={Robust scheduling of a two-machine flow shop with uncertain processing times},
  author={Kouvelis, Panos and Daniels, Richard L and Vairaktarakis, George},
  journal={Iie Transactions},
  volume={32},
  number={5},
  pages={421--432},
  year={2000},
  publisher={Springer}
}

@article{robust4,
  title={A fuzzy robust scheduling approach for product development projects},
  author={Wang, Juite},
  journal={European Journal of Operational Research},
  volume={152},
  number={1},
  pages={180--194},
  year={2004},
  publisher={Elsevier}
}

@book{introduction,
  title={Introduction to algorithms},
  author={Cormen, Thomas H},
  year={2009},
  publisher={MIT press}
}
